2625 4725
1163 28 1169 50 ι

1028 57 1035 86 Ι

362 214 420 274 ιι)ι
437 215 467 306 c.
485 214 537 262 xi.
555 198 584 281 ς.
599 199 643 276 36
663 214 712 262 nr
734 212 786 278 37.
1006 214 1068 280 aas
1100 169 1109 188 ’

79 370 116 428 ibi
131 367 208 424 etrd.
227 382 387 422 narrantur·
397 354 572 440 de'gretictc
589 364 752 422 multorum
773 363 905 419 rnilitum
922 367 954 418 P.
969 362 1067 432 Aelio,

80 444 109 498 C.
130 441 376 517 Popilio'coss.
409 455 517 515 postve
550 459 600 494 eos
633 438 771 512 consules
802 439 834 492 in
866 438 1068 494 Macedoniam

79 515 331 589 scriptorumante
349 514 469 570 emerita
497 513 643 587 stipendia
667 512 827 576 missione,
853 532 938 585 quam
957 515 992 565 A.
1013 512 1067 569 ills

77 581 209 643 Hostilius
236 587 326 640 aliive
348 587 602 642 Macedonicarum
629 585 780 661 legionum
809 586 998 659 imperatores
1016 606 1068 660 per
1180 641 1186 650 ,

77 661 250 716 ambitionem
267 674 485 723 concesserant,
516 678 548 714 ea
575 659 700 712 minime
728 659 848 712 Catonis
875 657 938 711 lilio
961 678 1066 711 conve·

76 735 158 790 niuut.
177 736 233 787 ·Et
250 741 371 808 propter
389 733 533 786 rationem
547 747 576 786 et
596 730 794 784 difficultatem
817 729 890 784 belli
908 731 1064 806 gravioris,
1156 687 1196 792 χ

76 805 255 881 quodminus
275 826 312 859 ex
331 804 474 859 sententia
499 804 718 859 administrabat
744 803 909 867 Hostilius,
937 804 1064 858 incredi-

75 880 125 936 bile
139 880 255 933 videtur
273 878 416 933 Martinio
443 897 538 932 comm.
559 881 639 935 en'I.
660 898 689 951 p.
713 896 756 934 ιι.
778 896 843 932 eum
864 895 916 933 suo
936 876 1062 942 iudicio,

37 969 38 976 ¹
75 973 117 1009 suo
132 954 269 1008 arbitratu
286 953 430 1026 integram
450 950 599 1024 legionem
620 951 768 1004 dimittere
786 951 918 1025 potuisse
937 951 1066 1025 adeoque

75 1028 165 1084 Gitoni
188 1025 440 1100 opportunitatem
468 1023 503 1078 td
529 1043 559 1078 se
585 1023 733 1078 scribendi
758 1023 960 1100 suppeditare3
985 1044 1065 1100 pree·

76 1102 178 1164 snum,
196 1118 266 1153 cum
284 1099 379 1173 ipsius
400 1098 546 1152 exercitus
566 1117 641 1151 anno
657 1113 758 1183 exqcto
782 1098 840 1150 iam
870 1116 969 1172 perse
990 1105 1064 1152 esset

75 1172 292 1232 indiminutus,
311 1186 345 1225 ut
357 1171 525 1245 insequenti
546 1191 621 1224 anno
629 1170 760 1224 Patrtbus
781 1170 933 1224 rideretur
949 1171 1064 1246 supple·

73 1261 188 1300 mentum
213 1245 248 1298 iu
266 1244 470 1299 Macedoniam
496 1244 640 1298 mitteret
672 1245 755 1297 euius
783 1243 910 1298 delectus
937 1243 1063 1298 habendi

73 1319 169 1383 maior,
204 1338 294 1391 ,quam
314 1316 400 1381 alias,
441 1332 563 1403 propter
599 1316 711 1390 bellan
743 1317 967 1373 Macedonicum
997 1337 1065 1372 cura

73 1406 122 1446 erat
138 1394 259 1461 (XLIII.
282 1395 352 1463 ι4.).
382 1392 462 1464 Quin
484 1410 546 1446 etus
567 1392 636 1446 anni
656 1391 796 1446 Censores
812 1390 981 1445 ‘milites'ex
1003 1392 1062 1444 Ma·

73 1465 197 1521 tedouieo
219 1466 372 1529 exercitu,
395 1484 520 1537 quormn
541 1464 645 1540 ingens
672 1484 810 1520 numerus
840 1465 961 1519 incertis
984 1484 1062 1521 com·

71 1539 195 1594 meatibus
216 1539 312 1593 aberat
329 1558 344 1591 a
364 1537 477 1613 signis,
496 1539 528 1593 in
545 1539 731 1613 provinciam
751 1536 892 1613 cogebant
911 1542 950 1609 (c.
970 1536 1013 1593 16.
1024 1542 1061 1608 s.)

71 1612 188 1667 Peditum
216 1611 372 1668 duodecim
396 1610 537 1677 milibus,
564 1611 715 1686 equitibus
740 1612 908 1688 quingentis
936 1610 1061 1687 amplius

73 1687 174 1761 scriptis
201 1686 297 1760 copiis
320 1705 356 1740 ue
374 1688 574 1740 Romanorum
594 1686 636 1739 ita
662 1686 769 1751 auctis,
791 1689 825 1759 Q.
849 1688 977 1741 Marcius
997 1687 1061 1753 Per,-

72 1779 138 1814 teum
154 1758 217 1814 leri
255 1706 351 1814 roelio
376 1759 409 1816 in
429 1758 526 1833 lugam
548 1758 638 1813 dedit.
676 1763 785 1816 Verum
803 1777 839 1813 ne
860 1775 923 1813 tum
942 1758 1089 1832 quidem,

71 1832 132 1886 belli
146 1834 225 1887 Mace
248 1832 329 1887 ouici
346 1852 413 1887 eura
441 1832 564 1886 desierat
583 1831 734 1887 stimulare
753 1836 899 1887 Romanos
928 1833 1057 1902 (XLIV.

72 1919 163 1975 1740.
185 1911 246 1976 sn).
285 1908 321 1962 L.
340 1904 470 1961 Aemilio
497 1905 607 1971 Paulo,
636 1907 686 1959 cui
707 1905 878 1961 Macedonia
898 1924 972 1959 anno
993 1920 1062 1979 post

72 1994 207 2041 creuerat,
229 1999 266 2032 ex
291 1980 383 2034 SCTo
411 1994 439 2032 et
468 1998 580 2034 novum
606 1978 705 2033 datum
737 1995 781 2033 est
805 1976 1059 2053 supplementum,

72 2067 142 2107 etex
160 2053 297 2107 omnibus
315 2051 444 2122 tribunis
463 2053 614 2115 militum,
645 2071 721 2126 quos
738 2051 845 2115 vellet,
872 2052 980 2128 eligere
997 2070 1061 2127 per·

70 2126 177 2179 nissum
211 2143 270 2191 est,
308 2141 340 2180 ut
371 2124 456 2180 linem
482 2128 651 2200 imponeret
675 2126 866 2181 Macedonico
890 2125 981 2180 bello.
1026 2124 1061 2177 Id

72 2198 140 2271 quod
156 2215 198 2253 est
215 2199 334 2254 factum.
372 2201 409 2254 L.
431 2219 502 2258 vero
521 2199 642 2253 Panltun
663 2200 765 2263 COS.,
789 2198 824 2252 ad
845 2199 928 2253 cuius
950 2198 1060 2266 exerci-

71 2287 123 2326 tum
141 2271 367 2328 confirmandum
400 2273 620 2345 quatuordecim
638 2274 723 2328 milis
773 2272 900 2336 editum,
940 2272 1012 2327 mile
1032 2287 1062 2325 et
1130 2285 1134 2309 ¹

71 2344 193 2402 ducentos
213 2348 325 2420 equites
339 2346 510 2410 mittendos,
530 2348 664 2403 Patribus
687 2294 857 2411 videbatur,
887 2367 946 2401 non
968 2345 1071 2401 credit'

72 2420 180 2474 Martini
204 2424 227 2474 Ι.
247 2442 278 2498 p.
303 2440 353 2495 9.,
379 2422 522 2494 integram
549 2421 698 2495 legionem
728 2436 792 2475 ante
818 2420 966 2497 proelium
993 2439 1060 2473 cum

72 2493 160 2549 Perseo
195 2494 384 2550 commissum
412 2494 560 2549 dimittere
588 2511 636 2549 aut
668 2494 801 2550 voluisse
832 2509 880 2547 ant
915 2492 1058 2569 potuisse.

74 2566 144 2637 Quod
158 2568 293 2642 eiigitur
312 2567 393 2643 legio
412 2568 446 2621 in
469 2568 656 2632 Macedonia,
686 2569 755 2620 dum
774 2567 886 2621 bellum
911 2565 1060 2621 Persicum

72 2656 149 2704 esset,
171 2641 253 2713 euius
276 2660 344 2695 cura
368 2645 516 2696 Romanos
544 2658 600 2695 tam
628 2642 818 2697 vehementer
847 2656 979 2715 angeret,
1017 2639 1060 2693 di·
1134 2686 1141 2691 ,
1170 2680 1176 2695 .

72 2713 146 2767 missa
165 2716 207 2768 est
232 2713 341 2769 nullst
366 2734 420 2769 nec
446 2716 517 2770 Cato
545 2719 596 2779 F„
621 2716 654 2769 in
676 2735 708 2769 ea
731 2714 871 2776 militans,
893 2715 998 2768 missus
1018 2728 1062 2766 est

73 2784 166 2849 lactus,
186 2803 219 2841 ut
233 2803 314 2860 pater
330 2788 462 2851 haberet,
481 2808 534 2843 cur
549 2789 599 2844 vel
618 2789 652 2843 ad
672 2788 766 2842 filium
786 2788 834 2842 vel
853 2787 887 2840 ad
904 2788 1060 2862 imperato·
1091 2816 1095 2837 t

71 2877 122 2912 rem
140 2863 172 2931 II.
191 2860 241 2914 vel
260 2860 294 2915 ad
311 2877 468 2934 utrumque
484 2882 518 2917 eo
534 2863 656 2918 nomine
676 2860 775 2916 literas
792 2863 931 2931 mitteret.
961 2863 1062 2936 Pugna
1099 2888 1104 2898 =

71 2947 152 2997 autem
176 2934 210 2987 ad
230 2933 359 3007 Pydnam
383 2951 510 3010 pugnata
526 2939 689 3010 Persenque
712 2936 797 2991 brevi
822 2936 855 2989 iu
880 2934 947 3009 fuga
977 2948 1059 3010 capto

70 3002 166 3060 bellum
182 3008 281 3081 ipsum
301 3007 467 3063 subiectum
487 3024 547 3063 erat
564 3029 588 3063 a.
610 3013 647 3066 V.
667 3019 730 3080 585.
769 3011 832 3068 Iam
851 3027 923 3063 vero
942 3009 1061 3063 liniver-

70 3094 110 3132 sus
124 3081 264 3136 exercitus
286 3082 402 3147 victor,
420 3083 503 3156 quasi
518 3083 645 3157 praemii
665 3103 764 3145 causa,
784 3083 817 3137 in
836 3080 938 3137 urbem
957 3081 1063 3135 adduci

70 3147 157 3207 debuit
179 3154 214 3212 ad
246 3155 448 3242 triumphum,
488 3158 572 3227 cujus
599 3170 734 3232 appetens
756 3157 917 3229 imperator
940 3154 974 3208 in
993 3172 1061 3229 pro·

70 3224 156 3279 vincia
178 3249 265 3283 unam
292 3228 441 3304 legionem
468 3228 616 3284 dimittere
640 3249 702 3286 non
719 3229 829 3304 potuit,
846 3229 907 3283 nisi
919 3226 1061 3303 neglectis

72 3297 256 3358 Romanorum
275 3303 422 3359 institutis
450 3303 630 3360 militaribus
651 3319 737 3376 atque
763 3302 873 3356 iniuria
901 3317 962 3355 tum
982 3321 1061 3355 exer·

34 3394 35 3397 ¹
74 3369 150 3440 citui,
174 3374 246 3430 bene
274 3375 309 3429 de
330 3394 359 3430 se
378 3376 506 3441 merito,
532 3391 596 3433 tum
615 3377 734 3447 sibimet
752 3376 813 3450 ipsi
830 3373 929 3440 illata,
957 3389 1063 3448 utpote

73 3445 142 3514 cujus
173 3449 357 3523 triumphum
389 3469 451 3506 non
482 3438 583 3524 posset
617 3469 679 3506 non
711 3449 910 3524 augustiorem
942 3447 1063 3502 reddere

72 3516 156 3573 vietor
179 3524 342 3587 exercitus,
365 3520 461 3597 ipsius
488 3543 605 3577 currum
627 3522 830 3579 comitaturus.
868 3520 1063 3596 Triumphare
1102 3564 1106 3571 .

71 3607 113 3661 pet
129 3594 262 3652 instituta
282 3598 318 3653 R.
336 3616 373 3650 ne
398 3595 518 3661 licuisse
560 3595 675 3660 uidem,
708 3595 770 3651 uisi
797 3596 928 3653 exercitu
945 3596 1063 3649 victore

73 3680 151 3738 toque
172 3669 289 3743 integro
317 3689 331 3725 e
355 3668 512 3744 provincia
538 3617 674 3735 deducto,
694 3667 848 3724 contendit
878 3667 1002 3722 Martini
1029 3666 1065 3720 in

74 3734 165 3793 Vindia.
186 3763 215 3819 p.
230 3761 263 3816 9.
283 3760 306 3798 s.
324 3743 436 3806 neseio,
453 3762 487 3795 an
504 3762 518 3797 e
538 3743 625 3799 Livii
634 3737 663 3795 ll.
681 3741 703 3796 l.
723 3760 747 3797 c.
767 3753 811 3811 58.
834 3759 880 3799 ex.
902 3741 950 3796 cui
968 3755 1064 3793 temen

73 3814 170 3889 opponi
187 3830 286 3890 potest
302 3814 448 3869 Plutarch.
470 3816 503 3874 in
519 3817 620 3873 Mario
646 3835 671 3869 c.
693 3825 799 3892 24121·
821 3830 849 3869 et
875 3815 908 3869 in
934 3812 1064 3883 Pompeio
1086 3844 1089 3847 -

72 3893 109 4008 4³·
128 3905 168 3940 ex.
205 3889 335 3942 Tantum
366 3903 492 3953 constat,
521 3903 593 3947 teste
611 3889 704 3945 Livio
725 3909 749 3943 c.
769 3898 816 3958 54.
838 3908 861 3944 ι.
888 3886 945 3956 (cl.
965 3895 1011 3957 41.
1033 3899 1065 3938 et

73 3954 201 4017 Putareh.
222 3963 255 4015 in
264 3963 362 4017 Aemil.
386 3982 411 4016 c.
433 3975 479 4028 30.
497 3983 543 4037 pr.
555 3964 600 4029 36.
618 3962 722 4033 med),
740 3981 799 4016 cum
813 3959 1063 4028 tothscedonico

73 4035 173 4089 exeritu
189 4038 268 4105 (μετὰ
284 4042 329 4086 τᾶν
345 4039 469 4105 δυνάμεων)
498 4037 533 4093 ad
553 4036 655 4093 u1bem
677 4035 780 4108 reduci
804 4035 933 4088 Aemilio
960 4033 1065 4089 trium·

72 4100 150 4173 pbum
180 4106 348 4163 invidentes
381 4108 513 4182 legiones
545 4112 579 4165 in
604 4109 754 4182 Capitolio
790 4107 950 4180 increpatas
980 4123 1064 4159 esse:
1088 4132 1092 4137 ·

73 4175 301 4239 Macedoniae
327 4182 509 4259 legiones,
535 4202 584 4241 suo
604 4181 763 4259 ,abrogatm
791 4180 940 4254 triumphos
963 4178 1068 4234 alienos
