2625 4725
325 243 377 291 an
397 244 498 298 c.x1.
518 229 547 316 ς.
568 121 614 315 3d
631 247 681 298 ar
702 245 754 314 37.
782 269 791 342 s
990 189 1066 318 345·

207 373 213 378 .
508 359 512 382 l

65 395 179 472 relinqui
193 414 254 452 non
271 394 396 453 solitum
418 416 512 472 neque
533 398 630 454 turbes
650 394 817 455 metuendas
838 396 929 453 fnisse
948 399 1058 475 populi

27 475 35 506 l
64 469 148 525 liberi.
193 471 373 530 Libertatem
398 472 478 529 euim
507 472 718 527 Macedonibus
749 470 912 527 indulserat
937 474 1056 547 suisque

65 542 162 630 lapibus
176 546 280 601 virere
293 544 422 599 ‘iusserat
442 547 593 610 Aemilius,
619 545 699 600 bello
722 545 875 610 conlecto,
903 545 1054 604 decedens.

64 618 122 672 lav.
141 620 231 677 XLV.
258 634 303 690 29.
320 636 343 673 s.
369 634 415 687 52.
440 630 486 692 34.
526 619 672 674 Plutarch.
699 619 732 673 in
755 620 853 675 Aemil.
887 640 911 674 c.
938 630 985 690 28.
1009 636 1055 694 29.

61 690 236 765 iliqnemdiu
255 691 373 747 demum
391 708 460 768 post
478 691 652 750 Macedonia
670 693 703 746 in
722 694 894 766 provinciae
912 697 1059 749 Ronmnae

27 799 28 802 κ
62 761 167 819 lerinam
186 765 302 819 redacta
327 782 380 820 est.
419 767 566 841 Quoniam
591 765 687 840 igitur
716 761 771 829 idJ
806 764 886 838 quod
914 769 942 819 ia
960 768 1061 822 Mace·

62 835 133 894 dotia
157 839 230 895 bello
255 840 360 897 Persico
385 839 493 893 fetrum
513 840 643 903 dicitur,
670 858 723 913 per
745 840 756 893 i
779 840 839 893 sius
873 839 945 893 belli
968 841 1059 898 ratio·

62 928 118 966 uem
139 910 320 986 dubiumque
342 927 371 966 et
393 914 552 987 ancipitem
575 928 714 968 eventurn
742 860 787 968 iit
811 911 959 977 accidere,
978 914 1009 967 h.
1031 933 1057 970 e.

61 984 156 1060 integra
180 984 262 1060 legio
289 987 322 1041 nb
350 979 532 1062 imperatore
558 1005 736 1059 quocunque
763 989 896 1041 Romano
925 987 1058 1052 dimitti,

61 1075 111 1111 uon
126 1061 251 1132 potuit:
279 1080 331 1114 vv.
363 1060 430 1125 ille,
456 1081 515 1119 cum
540 1062 568 1113 in
587 1060 759 1117 Macedonia
780 1059 806 1114 b.
829 1059 860 1115 P.
884 1062 1058 1134 utileslesset.

61 1138 134 1188 voees
163 1133 288 1187 nomine
321 1141 454 1207 suspecte
480 1133 601 1190 luerunt
627 1134 771 1188 Martinio
799 1152 893 1187 comos.
918 1155 953 1191 cr.
981 1138 1006 1187 Ι.
1026 1154 1056 1209 p.

62 1219 98 1257 aa.
116 1205 156 1259 ts.'
180 1206 337 1280 „sapiunt
364 1208 434 1260 haec
453 1206 587 1266 verba,“
614 1207 733 1279 inquit,
772 1207 987 1271 „Grammatici
1010 1227 1058 1284 οη]

59 1276 170 1352 lespiam
199 1279 503 1344 observatiunculam‚
534 1281 587 1355 qrni
604 1281 749 1339 ,Catonem
769 1280 803 1333 F.
830 1280 864 1333 in
886 1279 1061 1336 Macedonia

60 1348 137 1405 fnisse
155 1352 259 1425 ibique
278 1352 311 1406 in
331 1353 448 1429 proelio
477 1373 544 1407 cum
563 1357 669 1407 Perseo
691 1352 839 1426 singulare
862 1354 987 1410 virtutis
1008 1353 1059 1408 do·

61 1440 212 1480 rumentum
232 1426 370 1489 edidisse,
391 1427 570 1491 recordatus,
596 1428 660 1480 sine
680 1427 842 1484 intentiore
860 1427 1058 1502 indagatione,

61 1496 88 1550 de
105 1498 241 1555 eodemne
260 1499 328 1554 loeo
349 1520 379 1553 ac
398 1515 529 1575 tempore
557 1520 592 1556 an
623 1499 658 1553 de
673 1500 791 1555 diverso
811 1500 860 1556 hic
881 1500 1061 1576 disputetur,

61 1572 184 1626 caterba
209 1572 401 1646 adscripscrat
428 1576 460 1626 in
479 1575 630 1648 margine:
655 1573 733 1627 stude
752 1573 872 1649 posthac
893 1574 1060 1649 per'libra-

60 1643 159 1699 riorum
187 1645 335 1700 incuriam
362 1647 528 1702 intextum
551 1657 785 1722 sunt'receptef‘
829 1648 934 1704 Adhuc
963 1663 1059 1702 temen
1111 1691 1116 1700 ,

60 1735 116 1772 cunr
137 1719 202 1793 ipso
228 1721 389 1786 Martiuio,
417 1722 465 1775 cui
484 1720 573 1775 verba
593 1720 665 1785 illa,
698 1722 892 1796 scriptoribus
922 1719 1006 1787 aliis,
1027 1721 1060 1775 id
1116 1777 1121 1788 .

60 1790 154 1845 bellum
178 1793 212 1847 de
232 1793 378 1849 industria
404 1793 528 1849 dicendo
548 1795 728 1868 persecutis,
751 1795 837 1868 plane
855 1796 1059 1874 repugnantia,

60 1881 163 1920 ornnem
183 1866 243 1922 fero
262 1885 361 1942 parere
381 1866 582 1922 difficultatem
607 1866 792 1932 videbantur,
810 1870 911 1942 quaeri
951 1869 1059 1925 oteritt

61 1939 131 2010 „Qui
148 1939 266 2004 literae,
287 1941 322 1993 ad
339 1940 489 2016 Popilium
507 1942 604 2006 datae,
635 1942 736 2015 patrois
756 1943 892 1997 versibus
941 1942 1059 2016 eincepe

27 2021 28 2032 ¹
60 2012 88 2063 ad
103 2014 141 2066 M.
168 2011 263 2067 lilium
294 2016 418 2089 scriptae
443 2030 569 2089 possunt
593 2014 759 2089 appellari?
797 2016 882 2073 Vnde
902 2030 959 2074 tarn
981 2016 1060 2074 subi-

60 2101 129 2140 tanea
147 2086 272 2141 mutatio
308 2102 338 2141 et
366 2091 448 2162 quasi
479 2088 716 2159 μετιμόςφαηςΐί*
755 2088 823 2158 (lb.
846 2109 875 2163 p.
894 2094 939 2160 4.)
977 2089 1060 2150 Idem

58 2175 126 2213 recte
148 2161 355 2215 animadvertit
379 2164 412 2215 in
430 2163 505 2216 vind.
526 2183 556 2235 p.
582 2171 623 2233 ¹4·
645 2178 696 2224 ut,
722 2177 875 2237 utramque
903 2163 1060 2238 epistolam

59 2231 165 2290 diverto
183 2251 316 2310 tempore
343 2236 481 2310 scriptam
508 2255 592 2300 csse,
617 2236 855 2310 intelligeretur,
885 2237 1064 2294 Ciceronem

59 2307 172 2362 scribere
198 2309 362 2364 debuisse:
400 2312 449 2369 M.
487 2310 592 2382 quidem
619 2308 690 2380 (vel
718 2310 837 2386 potius,
869 2309 1059 2385 Chepmenno

59 2381 170 2446 arbitro.
192 2385 319 2454 Ejusdem
337 2388 456 2462 quoque)
480 2386 592 2439 Catonis
608 2385 690 2439 alia
709 2398 749 2441 est
771 2399 825 2439 etc.
864 2376 943 2437 llaec
963 2400 1060 2436 tamen

60 2456 170 2526 quodam
188 2458 279 2513 modo
297 2461 430 2512 exornari
459 2479 490 2512 ac
522 2459 725 2512 controversia
744 2457 778 2510 dc
799 2456 915 2532 duplici
937 2456 1059 2513 Catonis

60 2529 170 2601 epistola
189 2542 277 2607 qnam
304 2532 447 2589 facillime
468 2529 626 2587 diiudicari
644 2550 731 2606 posse
757 2530 877 2585 videtur
915 2528 1058 2593 Martinio

61 2618 83 2654 et
99 2604 260 2661 Gernirardo
285 2607 344 2669 ita,
372 2622 406 2661 ut
434 2608 526 2670 Cato,
554 2607 605 2660 vir
628 2605 685 2659 reli
707 2605 875 2660 iosissimus
894 2623 926 2657 ac
949 2602 1060 2657 veteris

61 2673 218 2755 disciplinae
238 2679 535 2754 observantissimus,
562 2680 671 2733 certior
688 2624 804 2744 iactus,
834 2677 931 2732 filium
951 2677 985 2731 als
1004 2677 1060 2730 im·

60 2766 175 2821 peratore
199 2773 266 2808 cum
293 2753 413 2829 legione
442 2770 492 2808 sua
519 2754 643 2808 missum
663 2752 789 2817 hatum,
832 2751 946 2807 dicatur
971 2769 1061 2824 qnam

61 2825 207 2881 certissime
225 2827 316 2881 simul
336 2844 398 2883 turn
426 2828 460 2882 ad
485 2828 583 2902 ipsum
616 2828 843 2901 imperatorem,
871 2841 933 2879 rem
958 2843 1059 2952 feren·

60 2910 123 2962 tcm‚
149 2915 209 2956 tnrn
239 2901 274 2954 ad
289 2900 404 2967 filium,
435 2901 541 2975 quiin
572 2903 705 2955 exercitu
731 2900 935 2963 remansisset,
971 2899 1058 2955 iteras

60 2971 160 3028 misisse
179 2990 265 3048 etque
286 2974 394 3029 abillo
415 2975 534 3048 quidem
558 2976 685 3050 petisse,
713 2990 746 3028 ut
770 2974 850 3028 hunc
875 2975 984 3027 iterum
1003 2972 1058 3026 mi·

59 3041 128 3101 litiae
145 3064 324 3106 sacramento
344 3048 506 3122 obligaret,
534 3049 644 3103 abhoc
664 3065 777 3115 autern,
802 3063 836 3102 ut
856 3046 1058 3101 eriauctoretus
1133 3105 1153 3111 ᾖ

59 3115 86 3169 in
140 3122 218 3181 oello
253 3110 314 3179 tion
343 3137 517 3177 versaretur.
574 3121 663 3194 Quod
696 3123 768 3197 quin
796 3123 838 3175 ita
862 3118 1059 3191 factumest,

59 3210 74 3242 11
115 3213 145 3248 us
164 3195 302 3269 equidem
323 3194 437 3251 dubito.
478 3191 637 3251 Sed‘locus
662 3216 699 3250 ne
718 3196 761 3250 alc
780 3194 899 3269 qriidcrn
918 3194 987 3249 satis
1006 3190 1059 3246 sal·

58 3282 104 3319 rus
125 3288 177 3325 uec
202 3266 310 3329 Cicero
338 3270 438 3329 verbis
471 3286 527 3327 tam
554 3271 645 3343 aptis,
666 3267 757 3344 ¹mrtem
781 3268 858 3327 soiet
883 3265 970 3332 alias,
997 3285 1060 3321 sen-

59 3341 165 3396 tentiam
185 3342 366 3418 explicuisse
384 3344 505 3398 videtur
523 3344 584 3418 ipsi
606 3343 750 3402 Martinio
769 3343 801 3396 in
822 3362 915 3397 conam.
935 3362 970 3395 cr.
990 3351 1057 3413 Μ.
1106 3388 1110 3395 ,

59 3412 178 3480 Quodsi
198 3436 249 3481 ea,
270 3437 342 3489 quae
364 3432 591 3481 commemoret,
618 3416 653 3471 de
674 3416 789 3491 duplici
816 3412 941 3491 epistole
966 3413 1059 3466 *intel-

57 3482 105 3557 llgi
121 3489 295 3557 voluisset:
322 3490 439 3545 nullum
467 3511 534 3545 sane
551 3507 595 3545 est
614 3491 758 3555 dubium,
785 3491 858 3563 quin
887 3487 1004 3541 alteram
1026 3485 1060 3540 alr

58 3556 134 3615 altera
153 3565 300 3625 curiosius
320 3564 523 3628 distinxisset,
549 3564 719 3636 allatisque,
744 3582 815 3635 quae
842 3563 877 3615 de
896 3562 997 3636 priore
1017 3559 1060 3611 dis

59 3635 135 3691 tenda
151 3653 247 3701 maret,
275 3640 470 3709 concinniore
488 3638 603 3693 ratione
621 3638 656 3691 ad
674 3637 868 3711 posteriorem
888 3650 1060 3709 progressus

59 3723 131 3773 esset,
155 3731 241 3785 quam
266 3711 320 3765 hac
337 3711 466 3767 formula
488 3733 495 3766 :
535 3713 614 3775 Adeo
641 3730 747 3765 sunem
770 3723 834 3763 erat.
853 3709 1004 3775 observatio
1032 3708 1060 3757 in

59 3777 118 3836 l‘llo
135 3785 288 3841 novandos
324 3789 374 3842 M.
393 3778 533 3868 desidem
555 3788 669 3841 Catonis
680 3788 750 3839 stetit
766 3784 883 3857 epistole
898 3795 937 3836 est
954 3777 992 3834 ad
1011 3779 1061 3835 M.

52 3853 159 3920 filiam:
197 3878 255 3934 qua
280 3860 372 3934 longe
408 3861 535 3935 aptiores
565 3876 651 3934 atque
685 3859 896 3944 exquisitiores
929 3851 1092 3926 exempla,

57 3926 187 4004 iungendi
206 3932 348 3989 formulas
365 3936 398 3991 iu
417 3934 465 3990 his
484 3936 495 3988 i
518 3935 558 3989 sie
578 3936 612 3990 de
636 3933 697 4006 Off.
718 3929 805 3986 lebris'
821 3929 948 3991 adhibet,
968 3940 1001 3980 ut
1020 3927 1059 3978 Π.

58 4001 79 4067 l·
98 4018 140 4073 25.
159 4025 183 4061 s.
224 4010 326 4081 Itaque
347 4023 458 4063 tentum
480 3957 577 4071 alost,
598 4023 632 4063 ut
651 4008 711 4061 hoc
730 4006 852 4064 duarum
869 3999 1061 4076 epistolarum

58 4090 133 4150 saper
151 4100 207 4135 nna
228 4080 385 4154 eademque
414 4100 497 4136 causa
516 4083 692 4158 scriptarum
711 4093 910 4138 commentum
929 4090 991 4128 rem
1014 4091 1062 4125 err·

58 4151 157 4217 pediat,
182 4162 217 4211 'ut
237 4173 298 4208 erm
318 4156 419 4229 potius
440 4156 604 4211 maioribus
629 4155 754 4210 obruere
775 4147 996 4205 difficultatibus
1016 4147 1062 4201 ri·

60 4218 154 4281 deatur.
193 4228 239 4286 Ne
257 4228 411 4303 urgeamus
439 4228 518 4289 illud
545 4230 656 4295 duabus
684 4225 820 4304 epistolis
850 4221 1064 4297 interpositum
1087 4288 1092 4295 ι
