<?xml version="1.0" encoding="UTF-8"?>
<!DOCTYPE html PUBLIC "-//W3C//DTD XHTML 1.0 Transitional//EN"
    "http://www.w3.org/TR/xhtml1/DTD/xhtml1-transitional.dtd">
<html xmlns="http://www.w3.org/1999/xhtml" xml:lang="en" lang="en">
 <head>
  <title>
</title>
<meta http-equiv="Content-Type" content="text/html;charset=utf-8" />
  <meta name='ocr-system' content='tesseract 3.04.00' />
  <meta name='ocr-capabilities' content='ocr_page ocr_carea ocr_par ocr_line ocrx_word'/>
</head>
<body>
  <div class='ocr_page' id='page_1' title='image "./mtulliciceronis00beiegoog_0254.png"; bbox 0 0 2625 4725; ppageno 0'>
   <div class='ocr_carea' id='block_1_1' title="bbox 210 220 861 286">
    <p class='ocr_par' dir='ltr' id='par_1_1' title="bbox 210 220 861 286">
     <span class='ocr_line' id='line_1_1' title="bbox 210 220 861 286; baseline -0.008 -12"><span class='ocrx_word' id='word_1_1' title='bbox 210 220 270 286; x_wconf 83' lang='lat'><strong>162</strong></span> <span class='ocrx_word' id='word_1_2' title='bbox 360 254 368 268; x_wconf 51' lang='lat' dir='ltr'><strong>t</strong></span> <span class='ocrx_word' id='word_1_3' title='bbox 592 223 642 271; x_wconf 81' lang='lat' dir='ltr'><strong>nn</strong></span> <span class='ocrx_word' id='word_1_4' title='bbox 674 222 861 279; x_wconf 73' lang='lat' dir='ltr'><strong>uertens,</strong></span> 
     </span>
    </p>
   </div>
   <div class='ocr_carea' id='block_1_2' title="bbox 172 357 1227 828">
    <p class='ocr_par' dir='ltr' id='par_1_2' title="bbox 172 357 1224 465">
     <span class='ocr_line' id='line_1_2' title="bbox 172 357 1224 465; baseline -0.021 -11"><span class='ocrx_word' id='word_1_5' title='bbox 172 357 175 363; x_wconf 25' lang='grc' dir='ltr'>Ι</span> <span class='ocrx_word' id='word_1_6' title='bbox 207 384 251 453; x_wconf 81' lang='lat' dir='ltr'><strong>ef</strong></span> <span class='ocrx_word' id='word_1_7' title='bbox 266 396 343 465; x_wconf 76' lang='lat' dir='ltr'><strong>sunt</strong></span> <span class='ocrx_word' id='word_1_8' title='bbox 363 394 396 447; x_wconf 87' lang='lat' dir='ltr'><strong>et</strong></span> <span class='ocrx_word' id='word_1_9' title='bbox 417 376 570 457; x_wconf 77' lang='lat' dir='ltr'><strong>fuerunt,</strong></span> <span class='ocrx_word' id='word_1_10' title='bbox 604 374 663 464; x_wconf 89' lang='lat' dir='ltr'><strong>qui</strong></span> <span class='ocrx_word' id='word_1_11' title='bbox 682 397 773 455; x_wconf 88' lang='lat' dir='ltr'><strong>eam,</strong></span> <span class='ocrx_word' id='word_1_12' title='bbox 811 396 912 463; x_wconf 87' lang='lat' dir='ltr'><strong>quant</strong></span> <span class='ocrx_word' id='word_1_13' title='bbox 928 372 1020 455; x_wconf 89' lang='lat' dir='ltr'><strong>dico,</strong></span> <span class='ocrx_word' id='word_1_14' title='bbox 1055 374 1224 464; x_wconf 79' lang='lat' dir='ltr'><strong>tranquil.</strong></span> 
     </span>
    </p>

    <p class='ocr_par' dir='ltr' id='par_1_3' title="bbox 182 491 1227 828">
     <span class='ocr_line' id='line_1_3' title="bbox 209 491 1226 589; baseline -0.009 -18"><span class='ocrx_word' id='word_1_15' title='bbox 209 502 335 571; x_wconf 81' lang='lat' dir='ltr'><strong>litatem</strong></span> <span class='ocrx_word' id='word_1_16' title='bbox 354 510 560 589; x_wconf 83' lang='lat' dir='ltr'><strong>expetentes,</strong></span> <span class='ocrx_word' id='word_1_17' title='bbox 588 517 608 558; x_wconf 83' lang='lat' dir='ltr'><strong>a</strong></span> <span class='ocrx_word' id='word_1_18' title='bbox 629 491 768 584; x_wconf 85' lang='lat' dir='ltr'><strong>negotiis</strong></span> <span class='ocrx_word' id='word_1_19' title='bbox 788 493 928 583; x_wconf 88' lang='lat' dir='ltr'><strong>publicis</strong></span> <span class='ocrx_word' id='word_1_20' title='bbox 949 518 985 561; x_wconf 87' lang='lat' dir='ltr'><strong>se</strong></span> <span class='ocrx_word' id='word_1_21' title='bbox 1005 509 1226 563; x_wconf 85' lang='lat' dir='ltr'><strong>removerunt</strong></span> 
     </span>
     <span class='ocr_line' id='line_1_4' title="bbox 182 588 1226 707; baseline -0.011 -18"><span class='ocrx_word' id='word_1_22' title='bbox 182 588 251 689; x_wconf 22' lang='lat' dir='ltr'><strong>&#39;ad</strong></span> <span class='ocrx_word' id='word_1_23' title='bbox 272 619 442 707; x_wconf 87' lang='lat' dir='ltr'><strong>otiumque</strong></span> <span class='ocrx_word' id='word_1_24' title='bbox 463 613 697 705; x_wconf 79' lang='lat' dir='ltr'><strong>perfugeiunt:</strong></span> <span class='ocrx_word' id='word_1_25' title='bbox 738 613 774 679; x_wconf 91' lang='lat' dir='ltr'><strong>in</strong></span> <span class='ocrx_word' id='word_1_26' title='bbox 791 612 842 678; x_wconf 89' lang='lat' dir='ltr'><strong>his</strong></span> <span class='ocrx_word' id='word_1_27' title='bbox 862 627 895 680; x_wconf 85' lang='lat' dir='ltr'><strong>et</strong></span> <span class='ocrx_word' id='word_1_28' title='bbox 922 612 1119 680; x_wconf 74' lang='lat' dir='ltr'><strong>nobilissimi</strong></span> <span class='ocrx_word' id='word_1_29' title='bbox 1142 613 1226 702; x_wconf 90' lang='lat' dir='ltr'><strong>phi-</strong></span> 
     </span>
     <span class='ocr_line' id='line_1_5' title="bbox 208 733 1227 828; baseline -0.01 -20"><span class='ocrx_word' id='word_1_30' title='bbox 208 739 341 828; x_wconf 89' lang='lat' dir='ltr'><strong>losophi</strong></span> <span class='ocrx_word' id='word_1_31' title='bbox 360 736 522 827; x_wconf 82' lang='lat' dir='ltr'><strong>longeque</strong></span> <span class='ocrx_word' id='word_1_32' title='bbox 540 733 707 824; x_wconf 76' lang='lat' dir='ltr'><strong>principes</strong></span> <span class='ocrx_word' id='word_1_33' title='bbox 728 744 762 800; x_wconf 90' lang='lat' dir='ltr'><strong>et</strong></span> <span class='ocrx_word' id='word_1_34' title='bbox 787 733 923 822; x_wconf 84' lang='lat' dir='ltr'><strong>quidam</strong></span> <span class='ocrx_word' id='word_1_35' title='bbox 940 733 1092 800; x_wconf 87' lang='lat' dir='ltr'><strong>homiues</strong></span> <span class='ocrx_word' id='word_1_36' title='bbox 1111 733 1227 800; x_wconf 82' lang='lat' dir='ltr'><strong>severi</strong></span> 
     </span>
    </p>
   </div>
   <div class='ocr_carea' id='block_1_3' title="bbox 210 891 408 912">
    <p class='ocr_par' dir='ltr' id='par_1_4' title="bbox 210 891 408 912">
     <span class='ocr_line' id='line_1_6' title="bbox 210 891 408 912; baseline -0.02 -3"><span class='ocrx_word' id='word_1_37' title='bbox 210 891 408 912; x_wconf 50' lang='grc' dir='ltr'><strong><em>Μ</em></strong></span> 
     </span>
    </p>
   </div>
   <div class='ocr_carea' id='block_1_4' title="bbox 203 996 1227 1902">
    <p class='ocr_par' dir='ltr' id='par_1_5' title="bbox 203 996 1227 1902">
     <span class='ocr_line' id='line_1_7' title="bbox 284 996 1225 1077; baseline -0.009 -19"><span class='ocrx_word' id='word_1_38' title='bbox 284 1003 386 1069; x_wconf 71' lang='lat' dir='ltr'><strong>onam]</strong></span> <span class='ocrx_word' id='word_1_39' title='bbox 424 1001 546 1077; x_wconf 81' lang='lat' dir='ltr'><strong>proprie</strong></span> <span class='ocrx_word' id='word_1_40' title='bbox 570 1017 675 1055; x_wconf 85' lang='lat' dir='ltr'><strong>summa</strong></span> <span class='ocrx_word' id='word_1_41' title='bbox 694 997 819 1073; x_wconf 77' lang='lat' dir='ltr'><strong>facultas</strong></span> <span class='ocrx_word' id='word_1_42' title='bbox 837 998 918 1053; x_wconf 82' lang='lat' dir='ltr'><strong>uacui</strong></span> <span class='ocrx_word' id='word_1_43' title='bbox 941 1014 974 1053; x_wconf 84' lang='lat' dir='ltr'><strong>as</strong></span> <span class='ocrx_word' id='word_1_44' title='bbox 991 996 1068 1053; x_wconf 74' lang='lat' dir='ltr'><strong>hireni</strong></span> <span class='ocrx_word' id='word_1_45' title='bbox 1083 996 1225 1069; x_wconf 71' lang='lat' dir='ltr'><strong>tenspcrir.</strong></span> 
     </span>
     <span class='ocr_line' id='line_1_8' title="bbox 210 1075 1226 1152; baseline -0.011 -19"><span class='ocrx_word' id='word_1_46' title='bbox 210 1075 260 1133; x_wconf 88' lang='lat' dir='ltr'><strong>hic</strong></span> <span class='ocrx_word' id='word_1_47' title='bbox 276 1078 418 1152; x_wconf 83' lang='lat' dir='ltr'><strong>accipitur</strong></span> <span class='ocrx_word' id='word_1_48' title='bbox 437 1097 491 1150; x_wconf 82' lang='lat' dir='ltr'><strong>pro</strong></span> <span class='ocrx_word' id='word_1_49' title='bbox 514 1077 576 1150; x_wconf 88' lang='lat' dir='ltr'><strong>ipsa</strong></span> <span class='ocrx_word' id='word_1_50' title='bbox 597 1078 655 1129; x_wconf 85' lang='lat' dir='ltr'><strong>uita</strong></span> <span class='ocrx_word' id='word_1_51' title='bbox 675 1078 837 1135; x_wconf 84' lang='lat' dir='ltr'><strong>otiosorum,</strong></span> <span class='ocrx_word' id='word_1_52' title='bbox 875 1076 922 1148; x_wconf 84' lang='lat' dir='ltr'><strong>qui</strong></span> <span class='ocrx_word' id='word_1_53' title='bbox 939 1091 994 1127; x_wconf 86' lang='lat' dir='ltr'><strong>sese</strong></span> <span class='ocrx_word' id='word_1_54' title='bbox 1011 1090 1118 1126; x_wconf 84' lang='lat' dir='ltr'><strong>suarum</strong></span> <span class='ocrx_word' id='word_1_55' title='bbox 1134 1087 1226 1147; x_wconf 77' lang='lat' dir='ltr'><strong>rerum</strong></span> 
     </span>
     <span class='ocr_line' id='line_1_9' title="bbox 203 1143 1226 1226; baseline -0.01 -19"><span class='ocrx_word' id='word_1_56' title='bbox 203 1152 461 1226; x_wconf 71' lang='lat' dir='ltr'><strong>finibus&#39;continent</strong></span> <span class='ocrx_word' id='word_1_57' title='bbox 486 1153 532 1220; x_wconf 63' lang='lat' dir='ltr'><strong>(i.</strong></span> <span class='ocrx_word' id='word_1_58' title='bbox 555 1155 624 1223; x_wconf 79' lang='lat'><strong>92.)</strong></span> <span class='ocrx_word' id='word_1_59' title='bbox 652 1164 701 1202; x_wconf 89' lang='lat' dir='ltr'><strong>aut</strong></span> <span class='ocrx_word' id='word_1_60' title='bbox 725 1152 773 1224; x_wconf 77' lang='lat' dir='ltr'><strong>qui</strong></span> <span class='ocrx_word' id='word_1_61' title='bbox 797 1149 960 1223; x_wconf 74' lang='lat' dir='ltr'><strong>requiescunt</strong></span> <span class='ocrx_word' id='word_1_62' title='bbox 988 1167 1007 1200; x_wconf 84' lang='lat' dir='ltr'><strong>a</strong></span> <span class='ocrx_word' id='word_1_63' title='bbox 1032 1144 1070 1200; x_wconf 88' lang='lat' dir='ltr'><strong>rei</strong></span> <span class='ocrx_word' id='word_1_64' title='bbox 1093 1143 1226 1218; x_wconf 75' lang='lat' dir='ltr'><strong>publicae</strong></span> 
     </span>
     <span class='ocr_line' id='line_1_10' title="bbox 209 1219 1223 1307; baseline -0.01 -24"><span class='ocrx_word' id='word_1_65' title='bbox 209 1227 361 1283; x_wconf 78' lang='lat' dir='ltr'><strong>muneribus</strong></span> <span class='ocrx_word' id='word_1_66' title='bbox 373 1224 582 1299; x_wconf 74' lang='lat' dir='ltr'><strong>forensibusque</strong></span> <span class='ocrx_word' id='word_1_67' title='bbox 599 1226 729 1285; x_wconf 73' lang='lat' dir='ltr'><strong>neoottts,</strong></span> <span class='ocrx_word' id='word_1_68' title='bbox 769 1222 988 1307; x_wconf 72' lang='lat' dir='ltr'><strong>opponiturque</strong></span> <span class='ocrx_word' id='word_1_69' title='bbox 1019 1220 1078 1289; x_wconf 77' lang='lat'><strong>156.</strong></span> <span class='ocrx_word' id='word_1_70' title='bbox 1107 1233 1135 1272; x_wconf 89' lang='lat' dir='ltr'><strong>et</strong></span> <span class='ocrx_word' id='word_1_71' title='bbox 1162 1219 1223 1273; x_wconf 84' lang='grc' dir='ltr'><strong>ΙΙΙ.</strong></span> 
     </span>
     <span class='ocr_line' id='line_1_11' title="bbox 210 1271 1225 1374; baseline -0.008 -19"><span class='ocrx_word' id='word_1_72' title='bbox 210 1320 235 1355; x_wconf 88' lang='lat' dir='ltr'><strong>e.</strong></span> <span class='ocrx_word' id='word_1_73' title='bbox 262 1322 286 1355; x_wconf 85' lang='lat' dir='ltr'><strong>s.</strong></span> <span class='ocrx_word' id='word_1_74' title='bbox 308 1303 416 1374; x_wconf 79' lang='lat' dir='ltr'><strong>negotio</strong></span> <span class='ocrx_word' id='word_1_75' title='bbox 438 1299 458 1351; x_wconf 88' lang='lat' dir='ltr'><strong>i.</strong></span> <span class='ocrx_word' id='word_1_76' title='bbox 482 1318 507 1351; x_wconf 89' lang='lat' dir='ltr'><strong>e.</strong></span> <span class='ocrx_word' id='word_1_77' title='bbox 530 1299 573 1351; x_wconf 83' lang='lat' dir='ltr'><strong>rei</strong></span> <span class='ocrx_word' id='word_1_78' title='bbox 592 1271 727 1372; x_wconf 73' lang='lat' dir='ltr'><strong>puhlicae</strong></span> <span class='ocrx_word' id='word_1_79' title='bbox 756 1294 1013 1352; x_wconf 69' lang='lat' dir='ltr'><strong>administrationi.</strong></span> <span class='ocrx_word' id='word_1_80' title='bbox 1072 1292 1106 1347; x_wconf 89' lang='lat' dir='ltr'><strong>In</strong></span> <span class='ocrx_word' id='word_1_81' title='bbox 1136 1291 1225 1349; x_wconf 71' lang='lat' dir='ltr'><strong>Lacr.</strong></span> 
     </span>
     <span class='ocr_line' id='line_1_12' title="bbox 206 1368 1225 1445; baseline -0.01 -15"><span class='ocrx_word' id='word_1_82' title='bbox 206 1388 262 1437; x_wconf 78' lang='lat'><strong>22,</strong></span> <span class='ocrx_word' id='word_1_83' title='bbox 285 1389 310 1442; x_wconf 69' lang='lat'><strong>5.</strong></span> <span class='ocrx_word' id='word_1_84' title='bbox 331 1375 386 1434; x_wconf 84' lang='lat' dir='ltr'><strong>iis,</strong></span> <span class='ocrx_word' id='word_1_85' title='bbox 426 1375 473 1445; x_wconf 78' lang='lat' dir='ltr'><strong>qui</strong></span> <span class='ocrx_word' id='word_1_86' title='bbox 490 1372 528 1425; x_wconf 84' lang='lat' dir='ltr'><strong>ad</strong></span> <span class='ocrx_word' id='word_1_87' title='bbox 545 1371 755 1443; x_wconf 86' lang='lat' dir='ltr'><strong>rempublicam</strong></span> <span class='ocrx_word' id='word_1_88' title='bbox 784 1388 811 1425; x_wconf 87' lang='lat' dir='ltr'><strong>ss</strong></span> <span class='ocrx_word' id='word_1_89' title='bbox 832 1368 998 1423; x_wconf 76' lang='lat' dir='ltr'><strong>contulerant</strong></span> <span class='ocrx_word' id='word_1_90' title='bbox 1027 1372 1225 1443; x_wconf 77' lang='lat' dir='ltr'><strong>opponuntur</strong></span> 
     </span>
     <span class='ocr_line' id='line_1_13' title="bbox 208 1440 1227 1524; baseline -0.01 -22"><span class='ocrx_word' id='word_1_91' title='bbox 208 1447 255 1515; x_wconf 88' lang='lat' dir='ltr'><strong>ii,</strong></span> <span class='ocrx_word' id='word_1_92' title='bbox 292 1450 339 1524; x_wconf 68' lang='lat' dir='ltr'><strong>pai</strong></span> <span class='ocrx_word' id='word_1_93' title='bbox 356 1450 452 1501; x_wconf 85' lang='lat' dir='ltr'><strong>sa&#39;um</strong></span> <span class='ocrx_word' id='word_1_94' title='bbox 469 1448 604 1520; x_wconf 74' lang='lat' dir='ltr'><strong>segetium</strong></span> <span class='ocrx_word' id='word_1_95' title='bbox 621 1446 856 1519; x_wconf 82' lang='lat' dir='ltr'><strong>geruntctiosi.</strong></span> <span class='ocrx_word' id='word_1_96' title='bbox 893 1440 1030 1496; x_wconf 80' lang='lat' dir='ltr'><strong>‘Eximie</strong></span> <span class='ocrx_word' id='word_1_97' title='bbox 1050 1458 1122 1496; x_wconf 80' lang='lat' dir='ltr'><strong>vero</strong></span> <span class='ocrx_word' id='word_1_98' title='bbox 1139 1441 1227 1495; x_wconf 84' lang='lat' dir='ltr'><strong>otiosi</strong></span> 
     </span>
     <span class='ocr_line' id='line_1_14' title="bbox 208 1516 1226 1594; baseline -0.011 -16"><span class='ocrx_word' id='word_1_99' title='bbox 208 1521 276 1584; x_wconf 74' lang='lat' dir='ltr'><strong>vel,</strong></span> <span class='ocrx_word' id='word_1_100' title='bbox 316 1536 347 1573; x_wconf 89' lang='lat' dir='ltr'><strong>ut</strong></span> <span class='ocrx_word' id='word_1_101' title='bbox 374 1524 399 1590; x_wconf 68' lang='lat' dir='ltr'><strong>i·</strong></span> <span class='ocrx_word' id='word_1_102' title='bbox 427 1534 490 1587; x_wconf 52' lang='lat'><strong>762</strong></span> <span class='ocrx_word' id='word_1_103' title='bbox 535 1520 619 1593; x_wconf 82' lang='lat' dir='ltr'><strong>quieti</strong></span> <span class='ocrx_word' id='word_1_104' title='bbox 643 1520 782 1573; x_wconf 74' lang='lat' dir='ltr'><strong>dissuitur</strong></span> <span class='ocrx_word' id='word_1_105' title='bbox 807 1518 848 1580; x_wconf 88' lang='lat' dir='ltr'><strong>ii,</strong></span> <span class='ocrx_word' id='word_1_106' title='bbox 887 1520 934 1594; x_wconf 76' lang='lat' dir='ltr'><strong>qui</strong></span> <span class='ocrx_word' id='word_1_107' title='bbox 959 1533 1043 1569; x_wconf 84' lang='lat' dir='ltr'><strong>rerum</strong></span> <span class='ocrx_word' id='word_1_108' title='bbox 1069 1516 1226 1589; x_wconf 73' lang='lat' dir='ltr'><strong>cognitione</strong></span> 
     </span>
     <span class='ocr_line' id='line_1_15' title="bbox 208 1586 1225 1668; baseline -0.01 -18"><span class='ocrx_word' id='word_1_109' title='bbox 208 1594 381 1668; x_wconf 66' lang='lat' dir='ltr'><strong>doctrinaque</strong></span> <span class='ocrx_word' id='word_1_110' title='bbox 401 1594 564 1647; x_wconf 78' lang='lat' dir='ltr'><strong>delectantur</strong></span> <span class='ocrx_word' id='word_1_111' title='bbox 585 1612 606 1646; x_wconf 91' lang='lat' dir='ltr'><strong>s.</strong></span> <span class='ocrx_word' id='word_1_112' title='bbox 628 1596 764 1649; x_wconf 79' lang='lat' dir='ltr'><strong>doctrinae</strong></span> <span class='ocrx_word' id='word_1_113' title='bbox 782 1586 878 1646; x_wconf 58' lang='lat' dir='ltr'><strong>stuciis</strong></span> <span class='ocrx_word' id='word_1_114' title='bbox 898 1602 925 1645; x_wconf 88' lang='lat' dir='ltr'><strong>et</strong></span> <span class='ocrx_word' id='word_1_115' title='bbox 949 1592 1100 1662; x_wconf 84' lang='lat' dir='ltr'><strong>sapientiae</strong></span> <span class='ocrx_word' id='word_1_116' title='bbox 1126 1588 1225 1649; x_wconf 78' lang='lat' dir='ltr'><strong>dediti.</strong></span> 
     </span>
     <span class='ocr_line' id='line_1_16' title="bbox 208 1662 1224 1743; baseline -0.008 -21"><span class='ocrx_word' id='word_1_117' title='bbox 208 1668 231 1722; x_wconf 88' lang='lat' dir='ltr'><strong>i.</strong></span> <span class='ocrx_word' id='word_1_118' title='bbox 254 1689 278 1721; x_wconf 90' lang='lat' dir='ltr'><strong>e.</strong></span> <span class='ocrx_word' id='word_1_119' title='bbox 298 1668 484 1743; x_wconf 81' lang='lat' dir='ltr'><strong>philosophi.</strong></span> <span class='ocrx_word' id='word_1_120' title='bbox 546 1668 642 1724; x_wconf 84' lang='lat' dir='ltr'><strong>Otium</strong></span> <span class='ocrx_word' id='word_1_121' title='bbox 658 1668 715 1722; x_wconf 87' lang='lat' dir='ltr'><strong>hcc</strong></span> <span class='ocrx_word' id='word_1_122' title='bbox 734 1669 864 1738; x_wconf 84' lang='lat' dir='ltr'><strong>sapientis</strong></span> <span class='ocrx_word' id='word_1_123' title='bbox 879 1678 905 1720; x_wconf 83' lang='lat' dir='ltr'><strong>et</strong></span> <span class='ocrx_word' id='word_1_124' title='bbox 921 1683 1048 1721; x_wconf 86' lang='lat' dir='ltr'><strong>secessum</strong></span> <span class='ocrx_word' id='word_1_125' title='bbox 1067 1662 1224 1726; x_wconf 84' lang='lat' dir='ltr'><strong>vocabant,</strong></span> 
     </span>
     <span class='ocr_line' id='line_1_17' title="bbox 210 1739 1227 1816; baseline -0.003 -21"><span class='ocrx_word' id='word_1_126' title='bbox 210 1740 244 1795; x_wconf 90' lang='lat' dir='ltr'><strong>de</strong></span> <span class='ocrx_word' id='word_1_127' title='bbox 264 1760 324 1815; x_wconf 86' lang='lat' dir='ltr'><strong>quo</strong></span> <span class='ocrx_word' id='word_1_128' title='bbox 344 1756 387 1794; x_wconf 87' lang='lat' dir='ltr'><strong>est</strong></span> <span class='ocrx_word' id='word_1_129' title='bbox 406 1743 527 1794; x_wconf 75' lang='lat' dir='ltr'><strong>Seneeie</strong></span> <span class='ocrx_word' id='word_1_130' title='bbox 546 1742 673 1816; x_wconf 85' lang='lat' dir='ltr'><strong>scriptus</strong></span> <span class='ocrx_word' id='word_1_131' title='bbox 692 1740 822 1796; x_wconf 87' lang='lat' dir='ltr'><strong>libellus.</strong></span> <span class='ocrx_word' id='word_1_132' title='bbox 880 1739 950 1793; x_wconf 87' lang='lat' dir='ltr'><strong>Inde</strong></span> <span class='ocrx_word' id='word_1_133' title='bbox 971 1741 1025 1791; x_wconf 92' lang='lat' dir='ltr'><strong>III.</strong></span> <span class='ocrx_word' id='word_1_134' title='bbox 1046 1739 1073 1807; x_wconf 83' lang='lat'><strong>§.</strong></span> <span class='ocrx_word' id='word_1_135' title='bbox 1094 1747 1122 1809; x_wconf 81' lang='grc'><strong>4.</strong></span> <span class='ocrx_word' id='word_1_136' title='bbox 1150 1753 1227 1810; x_wconf 73' lang='lat' dir='ltr'><strong>opus</strong></span> 
     </span>
     <span class='ocr_line' id='line_1_18' title="bbox 208 1812 1226 1902; baseline -0.006 -31"><span class='ocrx_word' id='word_1_137' title='bbox 208 1816 250 1871; x_wconf 83' lang='lat' dir='ltr'><strong>cti</strong></span> <span class='ocrx_word' id='word_1_138' title='bbox 268 1815 378 1869; x_wconf 87' lang='lat' dir='ltr'><strong>dicitur</strong></span> <span class='ocrx_word' id='word_1_139' title='bbox 396 1816 488 1888; x_wconf 79' lang='lat' dir='ltr'><strong>ingeni</strong></span> <span class='ocrx_word' id='word_1_140' title='bbox 504 1829 718 1877; x_wconf 80' lang='lat' dir='ltr'><strong>monumentum,</strong></span> <span class='ocrx_word' id='word_1_141' title='bbox 756 1814 912 1902; x_wconf 73' lang='lat' dir='ltr'><strong>inundatum</strong></span> <span class='ocrx_word' id='word_1_142' title='bbox 939 1812 1031 1869; x_wconf 81' lang='lat' dir='ltr'><strong>literis.</strong></span> <span class='ocrx_word' id='word_1_143' title='bbox 1222 1826 1226 1837; x_wconf 93' lang='grc'><em>·</em></span> 
     </span>
    </p>
   </div>
   <div class='ocr_carea' id='block_1_5' title="bbox 119 1897 1311 4217">
    <p class='ocr_par' dir='ltr' id='par_1_6' title="bbox 119 1897 1311 4217">
     <span class='ocr_line' id='line_1_19' title="bbox 281 1897 1225 1995; baseline -0.001 -21"><span class='ocrx_word' id='word_1_144' title='bbox 281 1925 309 1977; x_wconf 89' lang='lat' dir='ltr'><strong>irs</strong></span> <span class='ocrx_word' id='word_1_145' title='bbox 337 1924 386 1987; x_wconf 68' lang='lat' dir='ltr'><strong>lrit⁴</strong></span> <span class='ocrx_word' id='word_1_146' title='bbox 405 1952 441 1965; x_wconf 92' lang='lat'>-</span> <span class='ocrx_word' id='word_1_147' title='bbox 468 1923 628 1979; x_wconf 81' lang='lat' dir='ltr'><strong>nobilissimi</strong></span> <span class='ocrx_word' id='word_1_148' title='bbox 653 1897 846 1995; x_wconf 69' lang='lat' dir='ltr'><strong>philosophis</strong></span> <span class='ocrx_word' id='word_1_149' title='bbox 875 1933 906 1975; x_wconf 82' lang='lat' dir='ltr'><strong>at</strong></span> <span class='ocrx_word' id='word_1_150' title='bbox 935 1920 1127 1995; x_wconf 78' lang='lat' dir='ltr'><strong>Pythagoras.</strong></span> <span class='ocrx_word' id='word_1_151' title='bbox 1165 1920 1225 1979; x_wconf 85' lang='lat' dir='ltr'><strong>Dc-</strong></span> 
     </span>
     <span class='ocr_line' id='line_1_20' title="bbox 209 1993 1223 2072; baseline -0.006 -20"><span class='ocrx_word' id='word_1_152' title='bbox 209 1998 349 2057; x_wconf 73' lang='lat' dir='ltr'><strong>manitas.</strong></span> <span class='ocrx_word' id='word_1_153' title='bbox 388 1996 585 2071; x_wconf 74' lang='lat' dir='ltr'><strong>Anaxagoras.</strong></span> <span class='ocrx_word' id='word_1_154' title='bbox 624 2000 677 2072; x_wconf 86' lang='lat' dir='ltr'><strong>qui</strong></span> <span class='ocrx_word' id='word_1_155' title='bbox 699 1996 889 2052; x_wconf 83' lang='lat' dir='ltr'><strong>nominantur</strong></span> <span class='ocrx_word' id='word_1_156' title='bbox 910 1995 943 2048; x_wconf 91' lang='lat' dir='ltr'><strong>in</strong></span> <span class='ocrx_word' id='word_1_157' title='bbox 963 2014 1028 2058; x_wconf 81' lang='lat' dir='ltr'><strong>corn</strong></span> <span class='ocrx_word' id='word_1_158' title='bbox 1051 2015 1090 2068; x_wconf 76' lang='lat' dir='ltr'><strong>ar.</strong></span> <span class='ocrx_word' id='word_1_159' title='bbox 1119 1993 1223 2048; x_wconf 86' lang='lat' dir='ltr'><strong>l.111.</strong></span> 
     </span>
     <span class='ocr_line' id='line_1_21' title="bbox 208 2016 1226 2146; baseline -0.005 -21"><span class='ocrx_word' id='word_1_160' title='bbox 208 2071 243 2125; x_wconf 84' lang='lat' dir='ltr'><strong>sie</strong></span> <span class='ocrx_word' id='word_1_161' title='bbox 271 2091 310 2125; x_wconf 89' lang='lat' dir='ltr'><strong>or.</strong></span> <span class='ocrx_word' id='word_1_162' title='bbox 344 2089 370 2124; x_wconf 87' lang='lat' dir='ltr'><strong>e.</strong></span> <span class='ocrx_word' id='word_1_163' title='bbox 401 2084 442 2138; x_wconf 76' lang='lat'><strong>15.</strong></span> <span class='ocrx_word' id='word_1_164' title='bbox 500 2072 676 2146; x_wconf 81' lang='lat' dir='ltr'><strong>Pythagoras</strong></span> <span class='ocrx_word' id='word_1_165' title='bbox 704 2070 822 2144; x_wconf 87' lang='lat' dir='ltr'><strong>quidem</strong></span> <span class='ocrx_word' id='word_1_166' title='bbox 854 2069 932 2123; x_wconf 83' lang='lat' dir='ltr'><strong>viam</strong></span> <span class='ocrx_word' id='word_1_167' title='bbox 967 2067 1001 2121; x_wconf 89' lang='lat' dir='ltr'><strong>ad</strong></span> <span class='ocrx_word' id='word_1_168' title='bbox 1030 2016 1147 2131; x_wconf 73' lang='lat' dir='ltr'><strong>iorum,</strong></span> <span class='ocrx_word' id='word_1_169' title='bbox 1187 2082 1226 2121; x_wconf 90' lang='lat' dir='ltr'><strong>ut</strong></span> 
     </span>
     <span class='ocr_line' id='line_1_22' title="bbox 210 2142 1222 2216; baseline -0.003 -18"><span class='ocrx_word' id='word_1_170' title='bbox 210 2144 372 2200; x_wconf 81' lang='lat' dir='ltr'><strong>Scheffetus</strong></span> <span class='ocrx_word' id='word_1_171' title='bbox 399 2144 433 2198; x_wconf 82' lang='lat' dir='ltr'><strong>de</strong></span> <span class='ocrx_word' id='word_1_172' title='bbox 459 2157 556 2203; x_wconf 82' lang='lat' dir='ltr'><strong>natura</strong></span> <span class='ocrx_word' id='word_1_173' title='bbox 578 2159 606 2199; x_wconf 84' lang='lat' dir='ltr'><strong>et</strong></span> <span class='ocrx_word' id='word_1_174' title='bbox 631 2146 820 2199; x_wconf 84' lang='lat' dir='ltr'><strong>constitutione</strong></span> <span class='ocrx_word' id='word_1_175' title='bbox 837 2142 1030 2214; x_wconf 80' lang='lat' dir='ltr'><strong>philosophias</strong></span> <span class='ocrx_word' id='word_1_176' title='bbox 1049 2143 1164 2197; x_wconf 80' lang='lat' dir='ltr'><strong>Italicae</strong></span> <span class='ocrx_word' id='word_1_177' title='bbox 1188 2162 1222 2216; x_wconf 89' lang='lat' dir='ltr'><strong>p.</strong></span> 
     </span>
     <span class='ocr_line' id='line_1_23' title="bbox 210 2215 1225 2293; baseline -0.004 -19"><span class='ocrx_word' id='word_1_178' title='bbox 210 2217 256 2290; x_wconf 80' lang='grc'><strong>64.</strong></span> <span class='ocrx_word' id='word_1_179' title='bbox 285 2238 322 2272; x_wconf 86' lang='lat' dir='ltr'><strong>ex</strong></span> <span class='ocrx_word' id='word_1_180' title='bbox 348 2217 510 2274; x_wconf 82' lang='lat' dir='ltr'><strong>Iamblicho</strong></span> <span class='ocrx_word' id='word_1_181' title='bbox 532 2218 650 2282; x_wconf 90' lang='lat' dir='ltr'><strong>docuit,</strong></span> <span class='ocrx_word' id='word_1_182' title='bbox 689 2218 824 2293; x_wconf 82' lang='lat' dir='ltr'><strong>ignorare</strong></span> <span class='ocrx_word' id='word_1_183' title='bbox 844 2235 913 2272; x_wconf 88' lang='lat' dir='ltr'><strong>suos</strong></span> <span class='ocrx_word' id='word_1_184' title='bbox 931 2215 1064 2282; x_wconf 86' lang='lat' dir='ltr'><strong>volebat,</strong></span> <span class='ocrx_word' id='word_1_185' title='bbox 1103 2215 1225 2271; x_wconf 78' lang='lat' dir='ltr'><strong>eodeni·</strong></span> 
     </span>
     <span class='ocr_line' id='line_1_24' title="bbox 209 2289 1226 2367; baseline 0 -22"><span class='ocrx_word' id='word_1_186' title='bbox 209 2310 266 2367; x_wconf 85' lang='lat' dir='ltr'><strong>que</strong></span> <span class='ocrx_word' id='word_1_187' title='bbox 293 2289 411 2346; x_wconf 82' lang='lat' dir='ltr'><strong>videtur</strong></span> <span class='ocrx_word' id='word_1_188' title='bbox 429 2292 549 2355; x_wconf 88' lang='lat' dir='ltr'><strong>multis,</strong></span> <span class='ocrx_word' id='word_1_189' title='bbox 587 2293 687 2349; x_wconf 87' lang='lat' dir='ltr'><strong>nescio</strong></span> <span class='ocrx_word' id='word_1_190' title='bbox 714 2307 826 2356; x_wconf 84' lang='lat' dir='ltr'><strong>tamen,</strong></span> <span class='ocrx_word' id='word_1_191' title='bbox 857 2310 892 2345; x_wconf 90' lang='lat' dir='ltr'><strong>an</strong></span> <span class='ocrx_word' id='word_1_192' title='bbox 913 2289 1093 2365; x_wconf 75' lang='lat' dir='ltr'><strong>speciosius,</strong></span> <span class='ocrx_word' id='word_1_193' title='bbox 1131 2309 1226 2364; x_wconf 82' lang='lat' dir='ltr'><strong>quam</strong></span> 
     </span>
     <span class='ocr_line' id='line_1_25' title="bbox 208 2362 1224 2442; baseline -0.002 -20"><span class='ocrx_word' id='word_1_194' title='bbox 208 2365 328 2428; x_wconf 80' lang='lat' dir='ltr'><strong>verius,</strong></span> <span class='ocrx_word' id='word_1_195' title='bbox 366 2365 497 2441; x_wconf 84' lang='lat' dir='ltr'><strong>aenigma</strong></span> <span class='ocrx_word' id='word_1_196' title='bbox 514 2365 597 2422; x_wconf 90' lang='lat' dir='ltr'><strong>illius</strong></span> <span class='ocrx_word' id='word_1_197' title='bbox 616 2366 778 2442; x_wconf 85' lang='lat' dir='ltr'><strong>pertinuiss</strong></span> <span class='ocrx_word' id='word_1_198' title='bbox 806 2406 815 2430; x_wconf 91' lang='lat'>‚</span> <span class='ocrx_word' id='word_1_199' title='bbox 848 2384 907 2439; x_wconf 86' lang='lat' dir='ltr'><strong>quo</strong></span> <span class='ocrx_word' id='word_1_200' title='bbox 929 2362 1035 2419; x_wconf 84' lang='lat' dir='ltr'><strong>aiabis</strong></span> <span class='ocrx_word' id='word_1_201' title='bbox 1055 2362 1224 2439; x_wconf 79' lang='lat' dir='ltr'><strong>discipulos</strong></span> 
     </span>
     <span class='ocr_line' id='line_1_26' title="bbox 209 2437 1224 2514; baseline -0.004 -20"><span class='ocrx_word' id='word_1_202' title='bbox 209 2458 279 2494; x_wconf 90' lang='lat' dir='ltr'><strong>suos</strong></span> <span class='ocrx_word' id='word_1_203' title='bbox 300 2438 442 2494; x_wconf 85' lang='lat' dir='ltr'><strong>abstinere</strong></span> <span class='ocrx_word' id='word_1_204' title='bbox 462 2440 593 2511; x_wconf 82' lang='lat' dir='ltr'><strong>juberet,</strong></span> <span class='ocrx_word' id='word_1_205' title='bbox 632 2440 712 2514; x_wconf 92' lang='lat' dir='ltr'><strong>quod</strong></span> <span class='ocrx_word' id='word_1_206' title='bbox 734 2440 898 2513; x_wconf 86' lang='lat' dir='ltr'><strong>antiquitus</strong></span> <span class='ocrx_word' id='word_1_207' title='bbox 916 2438 949 2492; x_wconf 89' lang='lat' dir='ltr'><strong>in</strong></span> <span class='ocrx_word' id='word_1_208' title='bbox 977 2439 1107 2494; x_wconf 80' lang='lat' dir='ltr'><strong>creandis</strong></span> <span class='ocrx_word' id='word_1_209' title='bbox 1128 2437 1224 2513; x_wconf 77' lang='lat' dir='ltr'><strong>magi·</strong></span> 
     </span>
     <span class='ocr_line' id='line_1_27' title="bbox 209 2506 1225 2590; baseline -0.001 -22"><span class='ocrx_word' id='word_1_210' title='bbox 209 2506 346 2568; x_wconf 75' lang='lat' dir='ltr'><strong>stratibus</strong></span> <span class='ocrx_word' id='word_1_211' title='bbox 366 2514 502 2587; x_wconf 81' lang='lat' dir='ltr'><strong>suffragia</strong></span> <span class='ocrx_word' id='word_1_212' title='bbox 517 2534 569 2590; x_wconf 89' lang='lat' dir='ltr'><strong>per</strong></span> <span class='ocrx_word' id='word_1_213' title='bbox 595 2513 721 2569; x_wconf 82' lang='lat' dir='ltr'><strong>fabarios</strong></span> <span class='ocrx_word' id='word_1_214' title='bbox 748 2512 877 2568; x_wconf 89' lang='lat' dir='ltr'><strong>calculos</strong></span> <span class='ocrx_word' id='word_1_215' title='bbox 902 2511 1057 2567; x_wconf 78' lang='lat' dir='ltr'><strong>ferrentur.</strong></span> <span class='ocrx_word' id='word_1_216' title='bbox 1113 2510 1225 2568; x_wconf 82' lang='lat' dir='ltr'><strong>Otium</strong></span> 
     </span>
     <span class='ocr_line' id='line_1_28' title="bbox 208 2584 1224 2662; baseline -0.004 -19"><span class='ocrx_word' id='word_1_217' title='bbox 208 2586 266 2643; x_wconf 89' lang='lat' dir='ltr'><strong>hoc</strong></span> <span class='ocrx_word' id='word_1_218' title='bbox 286 2587 379 2641; x_wconf 85' lang='lat' dir='ltr'><strong>Stoici</strong></span> <span class='ocrx_word' id='word_1_219' title='bbox 400 2607 518 2660; x_wconf 89' lang='lat' dir='ltr'><strong>quoque</strong></span> <span class='ocrx_word' id='word_1_220' title='bbox 550 2603 578 2642; x_wconf 89' lang='lat' dir='ltr'><strong>et</strong></span> <span class='ocrx_word' id='word_1_221' title='bbox 595 2589 761 2662; x_wconf 85' lang='lat' dir='ltr'><strong>Epicurus,</strong></span> <span class='ocrx_word' id='word_1_222' title='bbox 800 2585 878 2654; x_wconf 84' lang='lat' dir='ltr'><strong>illud</strong></span> <span class='ocrx_word' id='word_1_223' title='bbox 897 2592 955 2637; x_wconf 68' lang='lat' dir='ltr'><strong>sits</strong></span> <span class='ocrx_word' id='word_1_224' title='bbox 973 2589 1073 2651; x_wconf 64' lang='lat' dir='ltr'><strong>essese,</strong></span> <span class='ocrx_word' id='word_1_225' title='bbox 1112 2605 1128 2638; x_wconf 87' lang='lat' dir='ltr'><strong>a</strong></span> <span class='ocrx_word' id='word_1_226' title='bbox 1151 2584 1224 2639; x_wconf 79' lang='lat' dir='ltr'><strong>Plu·</strong></span> 
     </span>
     <span class='ocr_line' id='line_1_29' title="bbox 209 2657 1222 2736; baseline -0.001 -22"><span class='ocrx_word' id='word_1_227' title='bbox 209 2661 309 2715; x_wconf 83' lang='lat' dir='ltr'><strong>tarcho</strong></span> <span class='ocrx_word' id='word_1_228' title='bbox 330 2661 374 2714; x_wconf 86' lang='lat' dir='ltr'><strong>sin</strong></span> <span class='ocrx_word' id='word_1_229' title='bbox 397 2660 471 2716; x_wconf 87' lang='lat' dir='ltr'><strong>ulari</strong></span> <span class='ocrx_word' id='word_1_230' title='bbox 487 2661 592 2716; x_wconf 90' lang='lat' dir='ltr'><strong>libello</strong></span> <span class='ocrx_word' id='word_1_231' title='bbox 613 2661 813 2724; x_wconf 80' lang='lat' dir='ltr'><strong>confutatum,</strong></span> <span class='ocrx_word' id='word_1_232' title='bbox 846 2680 959 2736; x_wconf 84' lang='lat' dir='ltr'><strong>semper</strong></span> <span class='ocrx_word' id='word_1_233' title='bbox 977 2660 1009 2713; x_wconf 92' lang='lat' dir='ltr'><strong>in</strong></span> <span class='ocrx_word' id='word_1_234' title='bbox 1029 2679 1080 2715; x_wconf 86' lang='lat' dir='ltr'><strong>ora</strong></span> <span class='ocrx_word' id='word_1_235' title='bbox 1098 2657 1222 2723; x_wconf 88' lang='lat' dir='ltr'><strong>habens,</strong></span> 
     </span>
     <span class='ocr_line' id='line_1_30' title="bbox 208 2679 1224 2809; baseline -0.002 -21"><span class='ocrx_word' id='word_1_236' title='bbox 208 2679 447 2788; x_wconf 65' lang='lat' dir='ltr'><strong>commendahant</strong></span> <span class='ocrx_word' id='word_1_237' title='bbox 466 2733 631 2809; x_wconf 81' lang='lat' dir='ltr'><strong>discipulis.</strong></span> <span class='ocrx_word' id='word_1_238' title='bbox 688 2736 766 2788; x_wconf 84' lang='lat' dir='ltr'><strong>Haec</strong></span> <span class='ocrx_word' id='word_1_239' title='bbox 791 2733 909 2807; x_wconf 88' lang='lat' dir='ltr'><strong>quidem</strong></span> <span class='ocrx_word' id='word_1_240' title='bbox 939 2727 1085 2787; x_wconf 73' lang='lat' dir='ltr'><strong>eha&#39;rravit</strong></span> <span class='ocrx_word' id='word_1_241' title='bbox 1110 2724 1224 2786; x_wconf 70' lang='lat' dir='ltr'><strong>Mache</strong></span> 
     </span>
     <span class='ocr_line' id='line_1_31' title="bbox 119 2805 1224 2882; baseline -0.001 -21"><span class='ocrx_word' id='word_1_242' title='bbox 119 2821 123 2837; x_wconf 84' lang='lat'><em>¹</em></span> <span class='ocrx_word' id='word_1_243' title='bbox 206 2805 230 2861; x_wconf 91' lang='lat' dir='ltr'><strong>l.</strong></span> <span class='ocrx_word' id='word_1_244' title='bbox 252 2826 337 2881; x_wconf 83' lang='lat' dir='ltr'><strong>supra</strong></span> <span class='ocrx_word' id='word_1_245' title='bbox 354 2828 384 2882; x_wconf 90' lang='lat' dir='ltr'><strong>p.</strong></span> <span class='ocrx_word' id='word_1_246' title='bbox 406 2807 450 2862; x_wconf 80' lang='lat'><strong>62.</strong></span> <span class='ocrx_word' id='word_1_247' title='bbox 474 2806 494 2861; x_wconf 88' lang='lat' dir='ltr'><strong>l.</strong></span> <span class='ocrx_word' id='word_1_248' title='bbox 513 2828 543 2882; x_wconf 91' lang='lat' dir='ltr'><strong>p.</strong></span> <span class='ocrx_word' id='word_1_249' title='bbox 565 2809 649 2862; x_wconf 87' lang='lat' dir='ltr'><strong>XIII.</strong></span> <span class='ocrx_word' id='word_1_250' title='bbox 705 2807 759 2861; x_wconf 78' lang='lat' dir='ltr'><strong>Sed</strong></span> <span class='ocrx_word' id='word_1_251' title='bbox 776 2821 889 2881; x_wconf 67' lang='lat' dir='ltr'><strong>meaque</strong></span> <span class='ocrx_word' id='word_1_252' title='bbox 909 2819 979 2862; x_wconf 85' lang='lat' dir='ltr'><strong>secta</strong></span> <span class='ocrx_word' id='word_1_253' title='bbox 1007 2809 1046 2860; x_wconf 81' lang='lat' dir='ltr'><strong>ad</strong></span> <span class='ocrx_word' id='word_1_254' title='bbox 1069 2808 1155 2861; x_wconf 78' lang='lat' dir='ltr'><strong>otium</strong></span> <span class='ocrx_word' id='word_1_255' title='bbox 1178 2807 1224 2860; x_wconf 76' lang='lat' dir='ltr'><strong>dt·</strong></span> 
     </span>
     <span class='ocr_line' id='line_1_32' title="bbox 207 2880 1223 2953; baseline -0.001 -17"><span class='ocrx_word' id='word_1_256' title='bbox 207 2900 286 2936; x_wconf 79' lang='lat' dir='ltr'><strong>versa</strong></span> <span class='ocrx_word' id='word_1_257' title='bbox 307 2883 353 2935; x_wconf 80' lang='lat' dir='ltr'><strong>eia</strong></span> <span class='ocrx_word' id='word_1_258' title='bbox 372 2882 462 2936; x_wconf 81' lang='lat' dir='ltr'><strong>mittit.</strong></span> <span class='ocrx_word' id='word_1_259' title='bbox 520 2883 649 2953; x_wconf 73' lang='lat' dir='ltr'><strong>Epicurus</strong></span> <span class='ocrx_word' id='word_1_260' title='bbox 674 2883 732 2935; x_wconf 84' lang='lat' dir='ltr'><strong>aits</strong></span> <span class='ocrx_word' id='word_1_261' title='bbox 767 2882 855 2945; x_wconf 78' lang='lat' dir='ltr'><strong>„Non</strong></span> <span class='ocrx_word' id='word_1_262' title='bbox 879 2881 983 2937; x_wconf 76' lang='lat' dir='ltr'><strong>accedet</strong></span> <span class='ocrx_word' id='word_1_263' title='bbox 1001 2882 1046 2935; x_wconf 77' lang='lat' dir='ltr'><strong>ad</strong></span> <span class='ocrx_word' id='word_1_264' title='bbox 1069 2899 1124 2934; x_wconf 83' lang='lat' dir='ltr'><strong>rem</strong></span> <span class='ocrx_word' id='word_1_265' title='bbox 1152 2880 1223 2952; x_wconf 83' lang='lat' dir='ltr'><strong>pals.</strong></span> 
     </span>
     <span class='ocr_line' id='line_1_33' title="bbox 206 2954 1279 3028; baseline -0.001 -20"><span class='ocrx_word' id='word_1_266' title='bbox 206 2957 333 3025; x_wconf 85' lang='lat' dir='ltr'><strong>sapiens.</strong></span> <span class='ocrx_word' id='word_1_267' title='bbox 370 2955 423 3007; x_wconf 89' lang='lat' dir='ltr'><strong>nisi</strong></span> <span class='ocrx_word' id='word_1_268' title='bbox 442 2956 465 3007; x_wconf 90' lang='lat' dir='ltr'><strong>si</strong></span> <span class='ocrx_word' id='word_1_269' title='bbox 480 2955 545 3028; x_wconf 82' lang='lat' dir='ltr'><strong>quid</strong></span> <span class='ocrx_word' id='word_1_270' title='bbox 571 2958 769 3011; x_wconf 80' lang='lat' dir='ltr'><strong>intervenerit.⁸‘</strong></span> <span class='ocrx_word' id='word_1_271' title='bbox 821 2956 899 3012; x_wconf 83' lang='lat' dir='ltr'><strong>Zeno</strong></span> <span class='ocrx_word' id='word_1_272' title='bbox 924 2958 984 3010; x_wconf 78' lang='lat' dir='ltr'><strong>aits</strong></span> <span class='ocrx_word' id='word_1_273' title='bbox 1020 2955 1160 3026; x_wconf 74' lang='lat' dir='ltr'><strong>„Accede</strong></span> <span class='ocrx_word' id='word_1_274' title='bbox 1183 2954 1224 3007; x_wconf 78' lang='lat' dir='ltr'><strong>ad</strong></span> <span class='ocrx_word' id='word_1_275' title='bbox 1275 2961 1279 2970; x_wconf 92' lang='lat'>&#39;</span> 
     </span>
     <span class='ocr_line' id='line_1_34' title="bbox 207 3028 1222 3103; baseline 0.001 -20"><span class='ocrx_word' id='word_1_276' title='bbox 207 3048 263 3083; x_wconf 84' lang='lat' dir='ltr'><strong>rem</strong></span> <span class='ocrx_word' id='word_1_277' title='bbox 279 3046 325 3098; x_wconf 84' lang='lat' dir='ltr'><strong>p..</strong></span> <span class='ocrx_word' id='word_1_278' title='bbox 363 3029 414 3081; x_wconf 86' lang='lat' dir='ltr'><strong>nisi</strong></span> <span class='ocrx_word' id='word_1_279' title='bbox 433 3028 540 3103; x_wconf 77' lang='lat' dir='ltr'><strong>siquid</strong></span> <span class='ocrx_word' id='word_1_280' title='bbox 566 3029 748 3101; x_wconf 78' lang='lat' dir='ltr'><strong>impedierit.‘⁸</strong></span> <span class='ocrx_word' id='word_1_281' title='bbox 803 3031 882 3086; x_wconf 80' lang='lat' dir='ltr'><strong>Alter</strong></span> <span class='ocrx_word' id='word_1_282' title='bbox 905 3032 989 3084; x_wconf 84' lang='lat' dir='ltr'><strong>otium</strong></span> <span class='ocrx_word' id='word_1_283' title='bbox 1014 3048 1048 3084; x_wconf 77' lang='lat' dir='ltr'><strong>ea</strong></span> <span class='ocrx_word' id='word_1_284' title='bbox 1074 3029 1222 3101; x_wconf 82' lang='lat' dir='ltr'><strong>proposito</strong></span> 
     </span>
     <span class='ocr_line' id='line_1_35' title="bbox 206 3100 1223 3178; baseline 0.003 -24"><span class='ocrx_word' id='word_1_285' title='bbox 206 3103 290 3175; x_wconf 82' lang='lat' dir='ltr'><strong>petit,</strong></span> <span class='ocrx_word' id='word_1_286' title='bbox 326 3100 395 3156; x_wconf 82' lang='lat' dir='ltr'><strong>aiter</strong></span> <span class='ocrx_word' id='word_1_287' title='bbox 413 3121 446 3156; x_wconf 81' lang='lat' dir='ltr'><strong>ex</strong></span> <span class='ocrx_word' id='word_1_288' title='bbox 465 3122 564 3164; x_wconf 87' lang='lat' dir='ltr'><strong>causa,</strong></span> <span class='ocrx_word' id='word_1_289' title='bbox 602 3118 635 3157; x_wconf 91' lang='lat' dir='ltr'><strong>ut</strong></span> <span class='ocrx_word' id='word_1_290' title='bbox 654 3104 696 3158; x_wconf 87' lang='lat' dir='ltr'><strong>ait</strong></span> <span class='ocrx_word' id='word_1_291' title='bbox 717 3104 823 3157; x_wconf 78' lang='lat' dir='ltr'><strong>Seneca</strong></span> <span class='ocrx_word' id='word_1_292' title='bbox 843 3104 863 3157; x_wconf 90' lang='lat' dir='ltr'><strong>l.</strong></span> <span class='ocrx_word' id='word_1_293' title='bbox 886 3102 906 3158; x_wconf 88' lang='lat' dir='ltr'><strong>l.</strong></span> <span class='ocrx_word' id='word_1_294' title='bbox 928 3122 952 3157; x_wconf 90' lang='lat' dir='ltr'><strong>c.</strong></span> <span class='ocrx_word' id='word_1_295' title='bbox 974 3119 1018 3171; x_wconf 65' lang='grc' dir='ltr'><strong>ὅσ.</strong></span> <span class='ocrx_word' id='word_1_296' title='bbox 1046 3102 1097 3157; x_wconf 82' lang='lat' dir='ltr'><strong>vel</strong></span> <span class='ocrx_word' id='word_1_297' title='bbox 1117 3102 1223 3178; x_wconf 81' lang='lat' dir='ltr'><strong>potius</strong></span> 
     </span>
     <span class='ocr_line' id='line_1_36' title="bbox 206 3173 1233 3250; baseline 0.003 -23"><span class='ocrx_word' id='word_1_298' title='bbox 206 3189 235 3244; x_wconf 72' lang='lat'><strong>5.</strong></span> <span class='ocrx_word' id='word_1_299' title='bbox 256 3174 358 3247; x_wconf 86' lang='lat' dir='ltr'><strong>quiin</strong></span> <span class='ocrx_word' id='word_1_300' title='bbox 379 3175 434 3239; x_wconf 89' lang='lat' dir='ltr'><strong>iis,</strong></span> <span class='ocrx_word' id='word_1_301' title='bbox 473 3196 545 3250; x_wconf 88' lang='lat' dir='ltr'><strong>quae</strong></span> <span class='ocrx_word' id='word_1_302' title='bbox 565 3175 670 3230; x_wconf 85' lang='lat' dir='ltr'><strong>deinde</strong></span> <span class='ocrx_word' id='word_1_303' title='bbox 687 3176 784 3241; x_wconf 84' lang='lat' dir='ltr'><strong>addit,</strong></span> <span class='ocrx_word' id='word_1_304' title='bbox 824 3176 922 3231; x_wconf 85' lang='lat' dir='ltr'><strong>hausit</strong></span> <span class='ocrx_word' id='word_1_305' title='bbox 949 3196 963 3229; x_wconf 89' lang='lat' dir='ltr'><strong>e</strong></span> <span class='ocrx_word' id='word_1_306' title='bbox 986 3173 1117 3232; x_wconf 87' lang='lat' dir='ltr'><strong>Platonis</strong></span> <span class='ocrx_word' id='word_1_307' title='bbox 1137 3173 1233 3242; x_wconf 79' lang='lat' dir='ltr'><strong>loco,</strong></span> 
     </span>
     <span class='ocr_line' id='line_1_37' title="bbox 193 3245 1222 3335; baseline 0.001 -33"><span class='ocrx_word' id='word_1_308' title='bbox 193 3261 279 3302; x_wconf 84' lang='lat' dir='ltr'><strong>&#39;mox</strong></span> <span class='ocrx_word' id='word_1_309' title='bbox 309 3250 522 3335; x_wconf 83' lang='lat' dir='ltr'><strong>comparando,</strong></span> <span class='ocrx_word' id='word_1_310' title='bbox 559 3249 619 3305; x_wconf 87' lang='lat' dir='ltr'><strong>nisi</strong></span> <span class='ocrx_word' id='word_1_311' title='bbox 651 3251 715 3304; x_wconf 90' lang='lat' dir='ltr'><strong>ise</strong></span> <span class='ocrx_word' id='word_1_312' title='bbox 746 3253 848 3316; x_wconf 85' lang='lat' dir='ltr'><strong>Zeno,</strong></span> <span class='ocrx_word' id='word_1_313' title='bbox 886 3248 921 3303; x_wconf 83' lang='lat' dir='ltr'><strong>td</strong></span> <span class='ocrx_word' id='word_1_314' title='bbox 949 3245 1036 3323; x_wconf 81' lang='lat' dir='ltr'><strong>quesn</strong></span> <span class='ocrx_word' id='word_1_315' title='bbox 1063 3263 1222 3324; x_wconf 85' lang='lat' dir='ltr'><strong>provocat,</strong></span> 
     </span>
     <span class='ocr_line' id='line_1_38' title="bbox 207 3270 1223 3408; baseline 0 -31"><span class='ocrx_word' id='word_1_316' title='bbox 207 3321 258 3377; x_wconf 84' lang='lat' dir='ltr'><strong>vei</strong></span> <span class='ocrx_word' id='word_1_317' title='bbox 277 3321 478 3408; x_wconf 79' lang='lat' dir='ltr'><strong>Chrysippus:</strong></span> <span class='ocrx_word' id='word_1_318' title='bbox 516 3322 550 3380; x_wconf 89' lang='lat' dir='ltr'><strong>de</strong></span> <span class='ocrx_word' id='word_1_319' title='bbox 569 3343 627 3398; x_wconf 86' lang='lat' dir='ltr'><strong>quo</strong></span> <span class='ocrx_word' id='word_1_320' title='bbox 649 3270 686 3377; x_wconf 72' lang='lat' dir='ltr'><strong>ci.</strong></span> <span class='ocrx_word' id='word_1_321' title='bbox 708 3343 794 3399; x_wconf 87' lang='lat' dir='ltr'><strong>supra</strong></span> <span class='ocrx_word' id='word_1_322' title='bbox 817 3345 846 3398; x_wconf 87' lang='lat' dir='ltr'><strong>p.</strong></span> <span class='ocrx_word' id='word_1_323' title='bbox 867 3324 913 3397; x_wconf 84' lang='grc'><strong>64.</strong></span> <span class='ocrx_word' id='word_1_324' title='bbox 935 3341 980 3377; x_wconf 88' lang='lat' dir='ltr'><strong>ex.</strong></span> <span class='ocrx_word' id='word_1_325' title='bbox 1039 3325 1106 3397; x_wconf 80' lang='lat' dir='ltr'><strong>Quo</strong></span> <span class='ocrx_word' id='word_1_326' title='bbox 1130 3339 1223 3377; x_wconf 86' lang='lat' dir='ltr'><strong>sensu</strong></span> 
     </span>
     <span class='ocr_line' id='line_1_39' title="bbox 208 3394 1224 3473; baseline 0.003 -25"><span class='ocrx_word' id='word_1_327' title='bbox 208 3394 346 3469; x_wconf 80' lang='lat' dir='ltr'><strong>deinceps</strong></span> <span class='ocrx_word' id='word_1_328' title='bbox 365 3395 497 3451; x_wconf 78' lang='lat' dir='ltr'><strong>dieantur</strong></span> <span class='ocrx_word' id='word_1_329' title='bbox 513 3399 623 3473; x_wconf 72' lang='lat' dir='ltr'><strong>quidam</strong></span> <span class='ocrx_word' id='word_1_330' title='bbox 638 3398 758 3452; x_wconf 81' lang='lat' dir='ltr'><strong>homines</strong></span> <span class='ocrx_word' id='word_1_331' title='bbox 774 3399 858 3452; x_wconf 84' lang='lat' dir='ltr'><strong>severi</strong></span> <span class='ocrx_word' id='word_1_332' title='bbox 876 3409 903 3451; x_wconf 85' lang='lat' dir='ltr'><strong>et</strong></span> <span class='ocrx_word' id='word_1_333' title='bbox 919 3414 1032 3472; x_wconf 54' lang='lat' dir='ltr'><strong>ysces,</strong></span> <span class='ocrx_word' id='word_1_334' title='bbox 1047 3394 1224 3472; x_wconf 75' lang='lat' dir='ltr'><strong>&#39;explicatur</strong></span> 
     </span>
     <span class='ocr_line' id='line_1_40' title="bbox 207 3467 1222 3545; baseline 0.003 -24"><span class='ocrx_word' id='word_1_335' title='bbox 207 3467 328 3539; x_wconf 81' lang='lat' dir='ltr'><strong>adjectis</strong></span> <span class='ocrx_word' id='word_1_336' title='bbox 353 3489 404 3524; x_wconf 61' lang='lat' dir='ltr'><strong>vv..</strong></span> <span class='ocrx_word' id='word_1_337' title='bbox 425 3474 472 3545; x_wconf 78' lang='lat' dir='ltr'><strong>qai</strong></span> <span class='ocrx_word' id='word_1_338' title='bbox 494 3494 540 3527; x_wconf 88' lang='lat' dir='ltr'><strong>nee</strong></span> <span class='ocrx_word' id='word_1_339' title='bbox 563 3473 662 3545; x_wconf 84' lang='lat' dir='ltr'><strong>popuii</strong></span> <span class='ocrx_word' id='word_1_340' title='bbox 686 3491 732 3526; x_wconf 88' lang='lat' dir='ltr'><strong>nec</strong></span> <span class='ocrx_word' id='word_1_341' title='bbox 751 3472 903 3544; x_wconf 82' lang='lat' dir='ltr'><strong>principum</strong></span> <span class='ocrx_word' id='word_1_342' title='bbox 927 3489 1013 3528; x_wconf 83' lang='lat' dir='ltr'><strong>mores</strong></span> <span class='ocrx_word' id='word_1_343' title='bbox 1033 3468 1108 3543; x_wconf 70' lang='lat' dir='ltr'><strong>ferre</strong></span> <span class='ocrx_word' id='word_1_344' title='bbox 1135 3483 1222 3543; x_wconf 75' lang='lat' dir='ltr'><strong>potss-</strong></span> 
     </span>
     <span class='ocr_line' id='line_1_41' title="bbox 207 3544 1222 3618; baseline 0.004 -21"><span class='ocrx_word' id='word_1_345' title='bbox 207 3555 292 3597; x_wconf 82' lang='lat' dir='ltr'><strong>erunt.</strong></span> <span class='ocrx_word' id='word_1_346' title='bbox 331 3544 397 3598; x_wconf 87' lang='lat' dir='ltr'><strong>Huc</strong></span> <span class='ocrx_word' id='word_1_347' title='bbox 415 3546 543 3617; x_wconf 84' lang='lat' dir='ltr'><strong>pertinet</strong></span> <span class='ocrx_word' id='word_1_348' title='bbox 559 3547 642 3602; x_wconf 88' lang='lat' dir='ltr'><strong>locus</strong></span> <span class='ocrx_word' id='word_1_349' title='bbox 663 3545 810 3609; x_wconf 86' lang='lat' dir='ltr'><strong>Platonis,</strong></span> <span class='ocrx_word' id='word_1_350' title='bbox 839 3546 892 3618; x_wconf 91' lang='lat' dir='ltr'><strong>qui</strong></span> <span class='ocrx_word' id='word_1_351' title='bbox 914 3547 951 3616; x_wconf 82' lang='lat' dir='ltr'><strong>(l.</strong></span> <span class='ocrx_word' id='word_1_352' title='bbox 975 3546 1026 3602; x_wconf 89' lang='lat' dir='ltr'><strong>VI.</strong></span> <span class='ocrx_word' id='word_1_353' title='bbox 1046 3544 1080 3599; x_wconf 84' lang='lat' dir='ltr'><strong>ds</strong></span> <span class='ocrx_word' id='word_1_354' title='bbox 1092 3564 1121 3598; x_wconf 89' lang='lat' dir='ltr'><strong>re</strong></span> <span class='ocrx_word' id='word_1_355' title='bbox 1139 3545 1222 3617; x_wconf 80' lang='lat' dir='ltr'><strong>publ.</strong></span> 
     </span>
     <span class='ocr_line' id='line_1_42' title="bbox 206 3601 1222 3744; baseline 0.002 -72"><span class='ocrx_word' id='word_1_356' title='bbox 206 3637 236 3744; x_wconf 74' lang='lat' dir='ltr'><strong>p.</strong></span> <span class='ocrx_word' id='word_1_357' title='bbox 262 3601 325 3690; x_wconf 68' lang='grc' dir='ltr'><strong>5ῥ6.</strong></span> <span class='ocrx_word' id='word_1_358' title='bbox 350 3619 386 3672; x_wconf 87' lang='lat' dir='ltr'><strong>D.</strong></span> <span class='ocrx_word' id='word_1_359' title='bbox 407 3619 438 3673; x_wconf 79' lang='lat' dir='ltr'><strong>E.</strong></span> <span class='ocrx_word' id='word_1_360' title='bbox 459 3621 581 3696; x_wconf 82' lang='lat' dir='ltr'><strong>Steph.)</strong></span> <span class='ocrx_word' id='word_1_361' title='bbox 607 3637 721 3684; x_wconf 87' lang='lat' dir='ltr'><strong>causas,</strong></span> <span class='ocrx_word' id='word_1_362' title='bbox 760 3636 812 3673; x_wconf 85' lang='lat' dir='ltr'><strong>eur</strong></span> <span class='ocrx_word' id='word_1_363' title='bbox 835 3617 1027 3694; x_wconf 89' lang='lat' dir='ltr'><strong>philosophi,</strong></span> <span class='ocrx_word' id='word_1_364' title='bbox 1066 3617 1222 3674; x_wconf 84' lang='lat' dir='ltr'><strong>doctrinae</strong></span> 
     </span>
     <span class='ocr_line' id='line_1_43' title="bbox 228 3689 1222 3767; baseline 0.002 -24"><span class='ocrx_word' id='word_1_365' title='bbox 228 3689 362 3745; x_wconf 82' lang='lat' dir='ltr'><strong>alcedine</strong></span> <span class='ocrx_word' id='word_1_366' title='bbox 389 3706 418 3744; x_wconf 91' lang='lat' dir='ltr'><strong>et</strong></span> <span class='ocrx_word' id='word_1_367' title='bbox 444 3692 617 3766; x_wconf 87' lang='lat' dir='ltr'><strong>praestantia</strong></span> <span class='ocrx_word' id='word_1_368' title='bbox 643 3692 736 3767; x_wconf 89' lang='lat' dir='ltr'><strong>capti,</strong></span> <span class='ocrx_word' id='word_1_369' title='bbox 775 3710 805 3747; x_wconf 84' lang='lat' dir='ltr'><strong>se</strong></span> <span class='ocrx_word' id='word_1_370' title='bbox 827 3694 1011 3748; x_wconf 76' lang='lat' dir='ltr'><strong>removerint</strong></span> <span class='ocrx_word' id='word_1_371' title='bbox 1036 3711 1052 3745; x_wconf 82' lang='lat' dir='ltr'><strong>a</strong></span> <span class='ocrx_word' id='word_1_372' title='bbox 1075 3691 1222 3767; x_wconf 78' lang='lat' dir='ltr'><strong>negotiis,</strong></span> 
     </span>
     <span class='ocr_line' id='line_1_44' title="bbox 206 3763 1221 3841; baseline 0 -21"><span class='ocrx_word' id='word_1_373' title='bbox 206 3765 241 3820; x_wconf 88' lang='lat' dir='ltr'><strong>in</strong></span> <span class='ocrx_word' id='word_1_374' title='bbox 261 3763 366 3838; x_wconf 88' lang='lat' dir='ltr'><strong>populi</strong></span> <span class='ocrx_word' id='word_1_375' title='bbox 385 3780 415 3816; x_wconf 90' lang='lat' dir='ltr'><strong>et</strong></span> <span class='ocrx_word' id='word_1_376' title='bbox 433 3785 605 3839; x_wconf 85' lang='lat' dir='ltr'><strong>procerum,</strong></span> <span class='ocrx_word' id='word_1_377' title='bbox 644 3767 696 3841; x_wconf 91' lang='lat' dir='ltr'><strong>qui</strong></span> <span class='ocrx_word' id='word_1_378' title='bbox 717 3786 779 3820; x_wconf 83' lang='lat' dir='ltr'><strong>rant</strong></span> <span class='ocrx_word' id='word_1_379' title='bbox 799 3766 947 3841; x_wconf 84' lang='lat' dir='ltr'><strong>publicam</strong></span> <span class='ocrx_word' id='word_1_380' title='bbox 971 3780 1136 3831; x_wconf 66' lang='lat' dir='ltr'><strong>transirent,⁴</strong></span> <span class='ocrx_word' id='word_1_381' title='bbox 1158 3784 1221 3820; x_wconf 84' lang='lat' dir='ltr'><strong>ma·</strong></span> 
     </span>
     <span class='ocr_line' id='line_1_45' title="bbox 206 3838 1221 3914; baseline 0 -22"><span class='ocrx_word' id='word_1_382' title='bbox 206 3839 316 3896; x_wconf 69' lang='lat' dir='ltr'><strong>simam</strong></span> <span class='ocrx_word' id='word_1_383' title='bbox 337 3838 369 3893; x_wconf 92' lang='lat' dir='ltr'><strong>in</strong></span> <span class='ocrx_word' id='word_1_384' title='bbox 390 3857 422 3890; x_wconf 86' lang='lat' dir='ltr'><strong>aa</strong></span> <span class='ocrx_word' id='word_1_385' title='bbox 438 3839 601 3911; x_wconf 85' lang='lat' dir='ltr'><strong>potentiam</strong></span> <span class='ocrx_word' id='word_1_386' title='bbox 622 3855 651 3894; x_wconf 88' lang='lat' dir='ltr'><strong>et</strong></span> <span class='ocrx_word' id='word_1_387' title='bbox 671 3839 795 3914; x_wconf 85' lang='lat' dir='ltr'><strong>gloriam</strong></span> <span class='ocrx_word' id='word_1_388' title='bbox 818 3839 985 3912; x_wconf 74' lang='lat' dir='ltr'><strong>consecuti,</strong></span> <span class='ocrx_word' id='word_1_389' title='bbox 1011 3838 1112 3894; x_wconf 75' lang='lat' dir='ltr'><strong>furore</strong></span> <span class='ocrx_word' id='word_1_390' title='bbox 1132 3857 1221 3914; x_wconf 78' lang='lat' dir='ltr'><strong>quae·</strong></span> 
     </span>
     <span class='ocr_line' id='line_1_46' title="bbox 206 3909 1223 3999; baseline 0 -32"><span class='ocrx_word' id='word_1_391' title='bbox 206 3931 291 3975; x_wconf 84' lang='lat' dir='ltr'><strong>rens,</strong></span> <span class='ocrx_word' id='word_1_392' title='bbox 329 3926 430 3997; x_wconf 69' lang='lat' dir='ltr'><strong>negat,</strong></span> <span class='ocrx_word' id='word_1_393' title='bbox 469 3913 560 3968; x_wconf 84' lang='lat' dir='ltr'><strong>ullam</strong></span> <span class='ocrx_word' id='word_1_394' title='bbox 591 3932 653 3967; x_wconf 83' lang='lat' dir='ltr'><strong>ram</strong></span> <span class='ocrx_word' id='word_1_395' title='bbox 688 3913 838 3999; x_wconf 84' lang='lat' dir='ltr'><strong>publicam</strong></span> <span class='ocrx_word' id='word_1_396' title='bbox 875 3928 1003 3977; x_wconf 81' lang='lat' dir='ltr'><strong>exstare,</strong></span> <span class='ocrx_word' id='word_1_397' title='bbox 1041 3909 1223 3987; x_wconf 84' lang='lat' dir='ltr'><strong>philosophi</strong></span> 
     </span>
     <span class='ocr_line' id='line_1_47' title="bbox 206 3984 1226 4072; baseline 0.002 -33"><span class='ocrx_word' id='word_1_398' title='bbox 206 3985 329 4061; x_wconf 82' lang='lat' dir='ltr'><strong>ingenio</strong></span> <span class='ocrx_word' id='word_1_399' title='bbox 350 3985 484 4061; x_wconf 81' lang='lat' dir='ltr'><strong>dignani:</strong></span> <span class='ocrx_word' id='word_1_400' title='bbox 522 3986 631 4072; x_wconf 86' lang='lat' dir='ltr'><strong>quippe</strong></span> <span class='ocrx_word' id='word_1_401' title='bbox 647 3999 703 4061; x_wconf 80' lang='lat' dir='ltr'><strong>&#39;qut</strong></span> <span class='ocrx_word' id='word_1_402' title='bbox 722 3986 755 4041; x_wconf 88' lang='lat' dir='ltr'><strong>in</strong></span> <span class='ocrx_word' id='word_1_403' title='bbox 779 4002 838 4040; x_wconf 84' lang='lat' dir='ltr'><strong>tam</strong></span> <span class='ocrx_word' id='word_1_404' title='bbox 855 3984 1002 4060; x_wconf 85' lang='lat' dir='ltr'><strong>corruptis</strong></span> <span class='ocrx_word' id='word_1_405' title='bbox 1024 3985 1158 4040; x_wconf 86' lang='lat' dir='ltr'><strong>moribus</strong></span> <span class='ocrx_word' id='word_1_406' title='bbox 1190 4001 1226 4041; x_wconf 82' lang='lat' dir='ltr'><strong>et</strong></span> 
     </span>
     <span class='ocr_line' id='line_1_48' title="bbox 207 4057 1224 4116; baseline 0.002 -3"><span class='ocrx_word' id='word_1_407' title='bbox 207 4057 365 4113; x_wconf 85' lang='lat' dir='ltr'><strong>sceleribus</strong></span> <span class='ocrx_word' id='word_1_408' title='bbox 386 4058 465 4111; x_wconf 89' lang='lat' dir='ltr'><strong>nihil</strong></span> <span class='ocrx_word' id='word_1_409' title='bbox 482 4058 517 4113; x_wconf 90' lang='lat' dir='ltr'><strong>ad</strong></span> <span class='ocrx_word' id='word_1_410' title='bbox 534 4062 692 4114; x_wconf 81' lang='lat' dir='ltr'><strong>utthtatem</strong></span> <span class='ocrx_word' id='word_1_411' title='bbox 719 4075 748 4114; x_wconf 93' lang='lat' dir='ltr'><strong>et</strong></span> <span class='ocrx_word' id='word_1_412' title='bbox 775 4059 897 4114; x_wconf 88' lang='lat' dir='ltr'><strong>salutem</strong></span> <span class='ocrx_word' id='word_1_413' title='bbox 923 4059 1058 4115; x_wconf 88' lang='lat' dir='ltr'><strong>omnium</strong></span> <span class='ocrx_word' id='word_1_414' title='bbox 1084 4058 1224 4116; x_wconf 76' lang='lat' dir='ltr'><strong>conferre</strong></span> 
     </span>
     <span class='ocr_line' id='line_1_49' title="bbox 155 4130 1311 4217; baseline 0 -30"><span class='ocrx_word' id='word_1_415' title='bbox 155 4163 158 4172; x_wconf 91' lang='lat'>·</span> <span class='ocrx_word' id='word_1_416' title='bbox 204 4133 301 4217; x_wconf 72' lang='lat' dir='ltr'><strong>possit</strong></span> <span class='ocrx_word' id='word_1_417' title='bbox 317 4150 371 4187; x_wconf 84' lang='lat' dir='ltr'><strong>nec</strong></span> <span class='ocrx_word' id='word_1_418' title='bbox 390 4130 506 4197; x_wconf 88' lang='lat' dir='ltr'><strong>habeat,</strong></span> <span class='ocrx_word' id='word_1_419' title='bbox 533 4134 652 4207; x_wconf 89' lang='lat' dir='ltr'><strong>quicum</strong></span> <span class='ocrx_word' id='word_1_420' title='bbox 673 4133 807 4189; x_wconf 82' lang='lat' dir='ltr'><strong>defendat</strong></span> <span class='ocrx_word' id='word_1_421' title='bbox 826 4147 855 4187; x_wconf 90' lang='lat' dir='ltr'><strong>et</strong></span> <span class='ocrx_word' id='word_1_422' title='bbox 874 4148 987 4188; x_wconf 83' lang='lat' dir='ltr'><strong>tueatur</strong></span> <span class='ocrx_word' id='word_1_423' title='bbox 1004 4133 1169 4204; x_wconf 76' lang='lat' dir='ltr'><strong>justitiamz</strong></span> <span class='ocrx_word' id='word_1_424' title='bbox 1190 4148 1223 4188; x_wconf 87' lang='lat' dir='ltr'><strong>et</strong></span> <span class='ocrx_word' id='word_1_425' title='bbox 1310 4137 1311 4144; x_wconf 76' lang='grc'>’</span> 
     </span>
    </p>
   </div>
   <div class='ocr_carea' id='block_1_6' title="bbox 204 4204 1311 4285">
    <p class='ocr_par' dir='ltr' id='par_1_7' title="bbox 204 4204 1311 4285">
     <span class='ocr_line' id='line_1_50' title="bbox 204 4204 1311 4285; baseline 0.003 -25"><span class='ocrx_word' id='word_1_426' title='bbox 204 4219 247 4260; x_wconf 87' lang='lat' dir='ltr'><strong>sta</strong></span> <span class='ocrx_word' id='word_1_427' title='bbox 265 4206 343 4283; x_wconf 84' lang='lat' dir='ltr'><strong>apsi,</strong></span> <span class='ocrx_word' id='word_1_428' title='bbox 380 4205 408 4262; x_wconf 90' lang='lat' dir='ltr'><strong>si</strong></span> <span class='ocrx_word' id='word_1_429' title='bbox 425 4225 570 4284; x_wconf 86' lang='lat' dir='ltr'><strong>capessere</strong></span> <span class='ocrx_word' id='word_1_430' title='bbox 588 4207 816 4285; x_wconf 83' lang='lat' dir='ltr'><strong>rempublicam</strong></span> <span class='ocrx_word' id='word_1_431' title='bbox 831 4204 926 4277; x_wconf 79' lang='lat' dir='ltr'><strong>vetit,</strong></span> <span class='ocrx_word' id='word_1_432' title='bbox 954 4207 1137 4283; x_wconf 76' lang='lat' dir='ltr'><strong>pereundum</strong></span> <span class='ocrx_word' id='word_1_433' title='bbox 1154 4225 1222 4263; x_wconf 87' lang='lat' dir='ltr'><strong>ssse</strong></span> <span class='ocrx_word' id='word_1_434' title='bbox 1310 4241 1311 4270; x_wconf 60' lang='lat'>2</span> 
     </span>
    </p>
   </div>
   <div class='ocr_carea' id='block_1_7' title="bbox 0 0 1318 4725">
    <p class='ocr_par' dir='ltr' id='par_1_8' title="bbox 0 0 1318 4725">
     <span class='ocr_line' id='line_1_51' title="bbox 0 0 1318 4725; baseline 0 0"><span class='ocrx_word' id='word_1_435' title='bbox 0 0 1318 4725; x_wconf 95' lang='lat' dir='ltr'><strong> </strong></span> 
     </span>
    </p>
   </div>
  </div>
 </body>
</html>
