2625 4725
373 245 488 292 uiuam
509 247 534 292 ι.
568 235 601 293 e.
628 247 734 298 xxxi.
890 235 894 248 ⁴
995 254 1058 320 243

57 425 129 483 uos,
166 400 356 467 videantur?
371 397 494 474 hebere
522 394 746 485 prudentiae·
768 397 844 476 Ι’11Ιί
870 397 960 470 enim
987 423 1058 471 non

59 519 201 610 opfimes,
225 520 287 586 sed
307 514 748 598 sibi.;acoommodulissimaa
768 514 894 586 fabulae
914 520 1057 609 eligunt:

59 640 105 727 qui
120 661 200 706 uoce
217 636 301 705 freti
326 649 421 720 suut,
453 635 625 725 Epigonos
657 634 862 725 Medumque
869 662 882 720 3
903 619 974 727 ¹qui
999 664 1058 731 ge-
1116 701 1119 708 ,

58 822 246 843 ω

61 965 105 1022 que
119 945 282 1023 perfectum
300 938 466 1017 summique
486 941 612 997 artifices
631 959 701 998 sunt
718 937 760 1011 ii,
800 943 852 1024 qui
881 946 960 1002 nihil
979 942 1061 1002 aliud

61 1020 154 1084 efficere
172 1019 354 1080 voluerunt,
392 1036 478 1092 quam
501 1016 581 1091 quod
602 1019 758 1084 materiae,
797 1022 830 1074 in
868 1042 902 1074 ua
928 1020 1061 1095 fingenda

61 1094 119 1169 ipsis
144 1092 354 1148 elaborandum
386 1106 462 1155 erat,
499 1091 549 1146 vis
578 1092 767 1159 concederet,
805 1039 883 1148 unde
910 1110 1060 1170 tantopere

62 1167 184 1222 excelluit
205 1167 394 1240 antiquorum
415 1185 459 1219 aas
479 1164 613 1228 classica,
635 1166 745 1242 quippe
765 1188 836 1243 quae
859 1188 892 1222 eo
913 1170 979 1243 ipso
1002 1185 1085 1226 tam,

22 1309 23 1314 ¹
61 1238 228 1298 admirabilia
249 1255 440 1294 monumenta
462 1238 647 1301 condiderit,
678 1241 757 1315 quod
777 1235 889 1297 mutate
911 1240 1061 1297 materiam

61 1317 88 1370 iu
108 1315 188 1369 aliam
213 1334 251 1367 ue
277 1330 408 1368 naturam
436 1331 540 1390 cogere
566 1312 683 1379 noluit,
722 1315 772 1370 sed
798 1317 933 1393 subigere
960 1333 1061 1388 eaque,

62 1407 185 1464 quatenus
218 1389 325 1452 cenet,
363 1387 409 1442 uti
429 1386 465 1441 ad
488 1384 678 1462 exprimenda
704 1381 812 1444 liberae
839 1388 1061 1468 imaginationis

61 1465 175 1525 intenta,
197 1477 245 1525 et,
267 1482 353 1536 quem
367 1460 437 1515 baec
458 1461 641 1535 concepisset
661 1480 789 1527 sensum,
812 1459 891 1528 hunc
912 1483 977 1518 cum
998 1463 1062 1538 ipsa
1113 1495 1121 1508 κ

60 1538 165 1593 materia
183 1536 268 1609 quasi
287 1536 320 1589 in
339 1553 431 1589 uuum
454 1533 608 1591 conflaret
640 1535 684 1591 sio
713 1537 848 1594 homines
870 1532 919 1591 illi
950 1552 1062 1594 tantum
1098 1531 1099 1538 ἵ

60 1613 203 1688 prudentes
219 1610 355 1683 beatique
374 1608 564 1663 existimandi
580 1624 667 1675 sunt,
706 1608 759 1684 qui
781 1629 847 1665 suae
867 1627 984 1665 naturae
1001 1630 1061 1666 tot·

62 1688 143 1761 tisque
162 1683 272 1739 finibus
293 1702 322 1737 sc
341 1683 496 1740 continent
514 1684 575 1747 ita,
612 1698 647 1737 ut
667 1683 766 1740 sedula
792 1685 1001 1741 exercitatione
1028 1686 1062 1739 in

62 1759 107 1815 illo
122 1777 227 1836 genere
247 1756 389 1820 vivendi,
427 1756 462 1811 ad
483 1755 562 1831 quod
588 1758 650 1810 nati
670 1771 758 1825 sunt,
796 1758 960 1815 libertatem
993 1779 1061 1814 con·

62 1831 204 1908 sequantur
224 1851 310 1920 quam
328 1831 496 1886 maximam.
552 1830 626 1885 Nam
648 1830 791 1895 virtutes,
831 1851 903 1906 quae
921 1834 1061 1906 exercita·

63 1910 131 1963 tione
149 1920 359 1983 acquatuutur,
398 1904 527 1980 pendent
543 1903 577 1958 ab
596 1903 653 1968 iis,
690 1921 761 1979 quae
781 1922 880 1981 suapte
899 1922 999 1959 natura
1016 1907 1062 1961 in·

63 1998 231 2059 generantur.
291 1978 380 2036 Nihil
398 1994 493 2033 autem
524 1977 692 2032 necessitati
714 1979 808 2055 magis
834 1998 887 2033 nos
910 1979 1060 2044 conciliat,

45 2065 134 2131 ‘quam
153 2053 286 2127 ejusdem
314 2053 445 2128 agnitio,
486 2070 557 2179 quae
588 2051 752 2106 consentiat
776 2054 810 2107 in
834 2069 938 2117 omne,
978 2051 1084 2127 quid-x

63 2130 123 2205 quid
138 2145 250 2184 mutare
271 2127 360 2182 nelas.
420 2127 487 2199 Quo
511 2125 556 2202 'si
579 2125 658 2180 enim
679 2144 730 2192 ea,
768 2145 842 2201 quae
863 2123 977 2201 assequi
1001 2146 1063 2182 nott

82 2223 157 2270 ueas,
195 2202 265 2256 aliis
285 2199 463 2256 concesseris
491 2197 637 2273 finemque
666 2197 724 2255 tibi
746 2201 936 2276 proposueris
960 2213 1061 2255 secun·

63 2224 122 2332 dum
139 2289 270 2332 naturam
291 2290 371 2329 tuam
392 2294 400 2329 :
420 2274 494 2327 hanc
513 2274 595 2329 viam
620 2289 786 2329 constanter
816 2291 948 2341 secutus,
987 2274 1063 2329 mule

62 2368 97 2408 tts
115 2350 270 2409 evitaverit
292 2348 489 2424 segnitudines
510 2366 627 2412 eorum,
667 2348 718 2435 qui
740 2345 799 2403 sibi
818 2347 977 2424 displicent
994 2368 1063 2425 prm

81 2443 164 2492 terea,
192 2424 274 2501 quod
294 2426 364 2480 vani
382 2437 468 2497 etque
488 2421 593 2477 stolidi
612 2421 706 2475 nimia
724 2422 837 2476 virium
859 2440 973 2476 suatum
995 2442 1063 2477 con·

61 2448 169 2555 delentis
200 2520 263 2555 non
294 2512 453 2574 paruerunt
487 2494 632 2552 oraculo:
669 2497 702 2551 N
709 2515 804 2550 osce
838 2514 881 2548 aa
908 2497 1066 2551 tetum!

63 2575 205 2632 Neminem
225 2592 317 2635 veto,
344 2571 396 2646 qui
416 2566 501 2625 e'uum
525 2569 679 2644 ingenium
698 2569 908 2643 dereliquerat,
935 2588 1064 2643 unquam

62 2649 232 2723 poenitentia
250 2661 394 2702 remorata
413 2660 470 2706 est,
508 2658 545 2698 ut
569 2643 715 2719 sapientes
740 2657 842 2701 monet
867 2642 993 2719 Epictet.
1018 2664 1062 2700 en·

64 2723 143 2781 small
159 2726 187 2795 ς.
205 2735 253 2794 59.
275 2733 304 2775 et
324 2738 368 2796 sp.
388 2718 505 2776 Anien.
520 2718 581 2775 illl.
603 2737 629 2774 c.
652 2730 697 2790 13.

124 2866 175 2922 sabi
199 2862 492 2920 accommodatissimas
510 2853 645 2935 fabulas]
684 2851 707 2917 i.
737 2878 763 2917 e.
792 2874 855 2929 ess,
894 2854 927 2917 in
955 2850 1063 2939 quilius

82 2959 175 2996 essone
213 2936 333 2994 rimaris
352 2938 411 2990 sibi
430 2934 732 2992 accommodatissima
751 2934 800 2990 sit.
856 2937 980 3011 Degeu,
1011 2937 1064 3011 qul

64 2958 153 3069 darum
169 2959 344 3069 'ljaibulatum
367 3024 569 3084 argumentum
603 3029 638 3063 ex
663 3006 800 3064 Herculis
828 3023 856 3063 et
880 3011 1065 3067 Amazonum

65 3085 192 3152 historia,
227 3086 422 3160 nescioquo,
461 3083 495 3138 de
516 3098 667 3160 comptum
688 3102 747 3137 esse
767 3097 879 3149 narrat,
913 3084 938 3138 si
959 3084 1082 3140 taenias

66 3176 118 3227 set,
152 3160 324 3225 mansisset,
358 3158 383 3214 si
403 3177 464 3214 non
483 3104 603 3220 albeme,
637 3168 665 3209 at
682 3172 781 3211 cautus
801 3169 894 3211 tamen
913 3158 1063 3231 mytholo-

66 3254 120 3308 gus.
175 3237 317 3310 Epigonos
340 3233 363 3287 i.
384 3253 408 3287 e.
433 3246 544 3307 septeua
562 3229 685 3286 illorum
713 3229 849 3285 adversus
870 3231 983 3287 Thebas
1012 3228 1064 3286 dua

66 3327 122 3362 cum
138 3308 233 3373 filios,
272 3308 324 3385 qui
341 3321 494 3382 parentum
516 3319 639 3380 stragem
663 3298 719 3357 ulti
741 3319 809 3358 sunt
840 3306 973 3392 (Hygia.
1002 3303 1062 3376 [ab.

65 3389 138 3454 tn),
162 3384 194 3438 in
221 3401 336 3436 scenam
354 3380 498 3457 produxit
513 3380 639 3447 Attius,
678 3379 761 3449 cujus
790 3378 967 3452 tragoediam
993 3379 1065 3433 citat

66 3455 170 3512 Nouius
190 3478 221 3533 p.
245 3465 306 3524 158.
363 3453 533 3529 Aemulatus
557 3468 617 3507 erat
635 3450 740 3506 Latine
759 3451 943 3528 Euaipidem.
963 3448 1000 3510 V.
1030 3453 1064 3510 de

66 3542 116 3601 apt.
132 3552 158 3607 g.
179 3543 249 3587 orat.
270 3550 295 3584 c.
312 3529 340 3586 6.
365 3528 442 3586 Teisa.
458 3531 496 3583 ll.
519 3545 543 3582 c.
565 3540 609 3595 25.
636 3550 674 3570 u
710 3524 830 3590 Medi,
869 3524 1010 3597 sNonio
1038 3545 1061 3581 s.

65 3618 108 3657 tu
126 3606 235 3680 Alingo
255 3618 284 3657 et
303 3604 388 3666 Dico,
427 3622 442 3657 a
467 3600 601 3657 Charisio
630 3598 653 3662 l,
676 3595 700 3653 Ι.
721 3599 852 3674 itemque
878 3599 1063 3658 aPtisciano

66 3674 98 3729 X.
114 3694 141 3732 et
157 3680 242 3734 Xlll.
273 3678 372 3742 citati,
411 3677 490 3748 quod
512 3673 604 3730 fuerit
629 3687 850 3747 argumentum,
888 3674 1021 3728 noscitur
1048 3690 1064 3729 e

66 3747 106 3804 ll.
124 3751 263 3828 sosipatri
290 3750 378 3806 loco:
408 3751 592 3805 Pacuvius
619 3750 646 3801 in
669 3747 797 3821 Medo.
827 3764 887 3803 eum
908 3749 1064 3809 ostenderet,

67 3824 197 3889 emese,
233 3824 356 3883 Medeae
375 3824 459 3895 salio,
494 3822 733 3897 matremquaeri,
760 3822 820 3874 eit:
857 3820 945 3885 ,‚Te,
986 3820 1064 3881 Sol,

69 3896 206 3965 invoco,
243 3912 282 3955 ast
307 3899 390 3957 mile·
409 3907 628 3971 potestatem
647 3895 727 3949 duit
751 3884 974 3971 inquirendi
999 3890 1066 3948 mei

69 3978 254 4039 paraneten·
311 3975 377 4029 Hoc
408 3987 547 4028 notarunt
573 3971 632 4024 iam
659 3982 778 4024 veteres
804 3969 875 4025 inttt
932 3966 1065 4023 Ulterius

70 4049 216 4123 aegaeam
236 4062 440 4124 argumentum
461 4058 572 4104 sumat
589 4033 703 4120 Hygia.
719 4039 787 4116 sab,
802 4050 849 4111 17.

797 4194 864 4280 Qe
