2625 4725
251 269 273 320 2
469 281 484 320 ·.
639 260 691 308 ne
715 256 874 306 orrlcus

197 433 204 464 ¹
252 415 434 511 praeceptis
451 410 677 501 imtitutieque
697 408 927 500 philosophiae
940 421 1079 496 propter
1097 427 1280 472 summam

253 552 286 604 et
314 532 458 603 doctoris
487 532 715 598 auctoritatem
746 544 780 596 et
802 526 912 608 urbis,
938 549 1082 614 quorum
1112 526 1200 592 alter
1242 538 1282 590 te

254 652 389 722 scientia
410 673 534 741 'augere
549 662 679 738 potest,
720 647 822 713 altera
842 644 1018 733 exemplisz
1059 658 1190 724 tamen,
1235 656 1280 709 ut

254 772 326 863 ipse
346 773 388 837 ad
408 792 517 838 meam
537 766 713 833 utilitatem
733 741 863 852 siemper
887 788 964 829 cum
984 760 1120 828 Graecia
1141 762 1280 828 Latina

256 888 418 960 coniunxi
437 910 545 975 neque
563 886 597 952 id
613 885 649 949 iu
670 884 881 973 philosophia
897 882 1021 962 solum,
1041 883 1098 946 sed
1112 880 1218 945 etiam
1237 880 1279 945 in

259 1006 389 1098 dicendi
407 1003 642 1071 exercitatione
656 1002 738 1084 feci,
756 1000 845 1067 idem
860 999 921 1067 u'bi
936 1022 1051 1065 censeo
1067 998 1280 1080 faciendum,

231 1181 234 1184 '
256 1175 458 1195 Μ

254 1292 386 1332 extremo
404 1274 617 1336 dammartin
636 1272 763 1349 perfecit
777 1287 887 1337 auctor,
908 1271 1077 1345 erepublica
1093 1272 1176 1324 ermis
1191 1272 1281 1343 vique

255 1350 424 1426 prohibitus
450 1349 576 1403 Antonii
602 1351 677 1418 (lll.
715 1349 744 1415 §.
771 1366 796 1399 ι.
833 1352 924 1416 erc),
963 1345 1097 1420 evolgata
1120 1345 1182 1396 iam
1208 1363 1297 1420 ora-q

254 1425 337 1480 tione
356 1421 521 1497 Philippica
539 1425 579 1475 ll.
609 1423 672 1491 (Aa
692 1423 776 1476 Attia.
794 1422 877 1477 XVI.
897 1437 940 1474 rt.
958 1419 1017 1489 in.)
1059 1495 1061 1497 ¹

310 1553 479 1627 Cratippum]
499 1552 560 1628 ipsi
578 1529 733 1608 Aristoteli
754 1567 782 1606 et
801 1513 986 1626 principibus
1006 1548 1279 1625 Peripateticorum

221 1669 227 1678 .
257 1643 404 1703 comparat
420 1629 458 1680 11.
488 1629 514 1695 q.
539 1636 558 1696 8
583 1646 628 1681 ex.
652 1626 858 1695 cf.111.§.5.
879 1626 907 1681 6.
954 1623 1066 1679 Laudat
1082 1624 1162 1677 hunc
1183 1643 1279 1679 auum

255 1717 471 1777 praeceptorem
486 1701 549 1775 ipse
566 1702 609 1754 Μ.
631 1697 710 1754 filius
729 1701 765 1754 L.
783 1700 864 1757 XVI.
878 1700 916 1753 ad
924 1698 1061 1773 familiar.
1080 1719 1122 1771 ep.
1135 1714 1182 1752 αι.
1200 1701 1230 1767 §-
1243 1698 1277 1755 6.

329 1833 480 1906 praeceptis
502 1834 683 1904 institutisque
699 1832 758 1904 pla]
796 1831 875 1885 Haeo
892 1843 990 1896 tecua,
1017 1849 1102 1905 quam
1124 1830 1277 1904 oportuit,

259 1906 484 1982 diqtinguuntnr
509 1906 601 1961 Miclt.
628 1906 814 1979 Heusingero
840 1921 868 1958 et
894 1906 1084 1979 ilottiugero.
1122 1906 1279 1957 'instituta

257 1982 304 2056 pli.
342 1995 409 2034 erint
444 1977 583 2033 exercitia
615 1981 654 2034 in⁴
704 1978 874 2053 hilosophia
901 1976 1062 2041 tractanda,
1100 1977 1279 2054 explicanda

259 2049 383 2127 allisque
415 2051 569 2107 tradenda..
615 2000 784 2107 celebratur
815 2054 895 2105 eninr
923 2052 1017 2115 ratio,
1056 2070 1111 2124 qua
1137 2050 1277 2126 philoso-

258 2128 345 2204 phiae
365 2125 515 2201 magistri,
553 2146 620 2202 prae
638 2126 743 2201 primis
760 2125 965 2199 Peripatetici,
1003 2124 1062 2189 usi,
1082 2126 1205 2196 juvenes
1229 2125 1276 2179 di*

260 2200 360 2256 scendi
382 2199 505 2274 cupidos
526 2200 737 2262 exercitabant,
776 2198 961 2253 familiariter
988 2219 1053 2253 cnm
1082 2199 1120 2253 iis
1148 2218 1276 2253 conver·

260 2288 374 2337 earnes,
413 2289 447 2327 ut
477 2273 595 2347 ingenia
631 2293 733 2328 eornm
765 2288 900 2326 acuerent
929 2273 1109 2345 scientiaque
1135 2271 1276 2346 philoso-

257 2347 368 2425 phandi
387 2346 706 2417 instruerent.›Lael.4,
723 2365 747 2401 2.
763 2349 863 2405 Brutus
872 2358 923 2437 03¹⁹
945 2367 996 2413 rio
1016 2362 1090 2405 extr.
1100 2346 1212 2401 Eodem
1238 2368 1276 2402 ue

258 2421 349 2477 modo
369 2422 629 2498 Peripateticorum
648 2425 748 2493 scripta
775 2436 801 2476 et
819 2425 941 2475 instituta
969 2408 1192 2495 distinguuntur
1213 2369 1274 2478 ian.

259 2496 297 2554 V·
321 2506 355 2564 3.
393 2509 420 2562 7.
461 2496 591 2568 Exempla
613 2515 730 2570 quoque
750 2512 820 2573 quae
838 2495 888 2549 hic
909 2494 1166 2558 commendentur,
1193 2511 1274 2550 certe

258 2570 388 2624 Garrius
409 2572 655 2695 nonperspexit,
694 2589 799 2645 nempe
830 2570 973 2641 juvenum
1005 2567 1147 2623 laudabili
1170 2568 1273 2643 philo·

257 2658 292 2697 ιο
316 2641 404 2696 lrandl
429 2659 475 2696 atu
493 2644 527 2697 io
555 2645 797 2717 concertantium.
851 2646 962 2697 Auctor
993 2642 1087 2718 igitur
1120 2640 1179 2696 hoc
1213 2642 1275 2696 sibi

257 2664 341 2771 uolt:
381 2715 498 2781 „Aliter
516 2732 574 2771 non
594 2717 711 2792 potnit,
751 2716 823 2790 quin
843 2715 998 2771 aemulatio
1029 2730 1076 2769 tua
1103 2715 1274 2771 incendere·

259 2803 326 2853 tur,
366 2806 437 2843 cnm
452 2789 593 2853 Athenis,
631 2789 664 2842 in
685 2787 835 2842 literarum
855 2790 1006 2864 emporio,
1045 2803 1274 2863 quorumquam

258 2860 294 2915 ad
311 2877 501 2915 mercaturam
520 2862 665 2917 bonarum
683 2862 789 2916 artium
810 2877 855 2917 tot
873 2865 994 2930 invenes
1014 2861 1145 2916 discendi
1169 2864 1273 2937 cupidi

257 2932 506 3008 humanitatisque
532 2931 627 2988 studia
647 2950 786 2989 sectantes
808 2929 1029 3000 confluxerunt,
1066 2937 1173 2991 horum
1214 2958 1273 2995 eve·

260 3013 443 3071 praeceaebant
462 3023 490 3061 et
509 3007 657 3064 doctrinae
669 3008 904 3083 eruditionisque
919 3010 1100 3065 aenmlorum
1113 3007 1273 3064 laudabilia

260 3078 392 3155 exempla
417 3079 600 3135 intuerere.·‘
656 3085 738 3136 Hanc
766 3084 883 3158 quidem
911 3084 1185 3158 interpretationem
1211 3104 1271 3139 me·

257 3151 400 3207 minimus
418 3152 531 3229 placere
551 3156 736 3222 Hermanno,
776 3157 1032 3233 Magnificatur-o.
1053 3173 1056 3186 ’

272 3294 279 3317 ¹
315 3282 353 3338 sd
373 3296 459 3340 auem
478 3272 633 3354 ulilitatem]
654 3290 677 3342 i.
699 3309 724 3343 e.
746 3309 812 3344 enm
832 3308 896 3344 mea
913 3289 1059 3353 utilitate,
1097 3290 1193 3362 liujus¹
1206 3288 1271 3365 qni·

259 3354 324 3413 dem
345 3359 533 3415 exercituin
555 3382 601 3416 me
622 3362 724 3416 saltem
744 3364 810 3440 ipso
831 3378 966 3438 expertus
986 3365 1164 3417 utilitatem:
1203 3386 1271 3419 nam

258 3430 387 3486 fructum
414 3432 483 3488 iude
504 3435 638 3509 percepi,
678 3436 762 3507 cnjus
789 3458 849 3492 non
875 3439 1043 3512 poeniteat;
1083 3439 1152 3503 sed,
1190 3439 1271 3493 idem

257 3504 315 3560 hou
340 3506 477 3561 omnibus
502 3506 667 3584 quibusque
696 3513 875 3565 tantumdem
902 3511 1110 3585 profuturum,
1150 3528 1270 3567 conten·

258 3577 325 3632 dere
350 3598 412 3634 noir
437 3582 541 3636 ausim:
579 3608 617 3625 -ι
660 3586 706 3638 De
738 3586 801 3639 cic.
827 3585 917 3658 patris
943 3586 1203 3640 exercitationibus
1231 3584 1268 3640 ef.

258 3653 359 3708 &utus
377 3672 431 3727 90,
469 3674 596 3727 09.·ss.;
635 3656 670 3712 de
690 3657 764 3723 lilii,
786 3674 898 3734 patrem
917 3658 1107 3724 aemulantis,
1128 3663 1167 3723 L,
1186 3658 1270 3720 XVI.

255 3725 539 3801 adscendamus,
574 3741 715 3804 gum.
1060 3754 1063 3761 ·
1171 3750 1176 3765 ·

314 3860 403 3915 idem
433 3861 482 3915 tibi
507 3882 599 3919 censeo
622 3862 792 3937 faciendum,
830 3874 878 3934 ut]
896 3869 931 3920 In
949 3866 1104 3922 nonnullis
1126 3866 1211 3922 codd.
1230 3866 1270 3921 le·

257 3932 339 4008 gitur
359 3934 405 3997 id,
444 3952 530 4008 qnam
557 3939 716 3993 lectionem
743 3941 848 4015 probat
877 3942 1010 3995 Goerenr
1030 3943 1064 3995 ad
1086 3945 1157 4016 Legi
1177 3942 1216 3996 Π.
1240 3942 1268 4005 6,

259 4016 302 4078 14.
325 4022 411 4082 atque
429 4008 537 4064 iterum
559 4011 594 4064 ad
612 4013 671 4068 fia
692 4017 732 4068 ll.
762 4018 788 4082 q.
810 4028 855 4083 35.
877 4035 923 4069 ex.
954 4036 978 4069 c.
1023 4033 1066 4070 12.
1087 4017 1129 4069 iu.
1151 4015 1269 4089 pleona-

168 4132 174 4141 ,
257 4097 352 4134 esaum
373 4081 530 4138 observans
545 4085 590 4140 ibi
610 4087 642 4139 in
662 4107 714 4141 vv.
726 4087 836 4161 fecisset
856 4092 904 4150 id,
925 4103 955 4144 ut
974 4105 1046 4151 etc.;
1079 4090 1169 4150 licet,
1189 4087 1269 4142 utrlla

255 4150 395 4209 lectionis
418 4158 557 4212 varietate
586 4175 704 4224 irorata,
744 4165 870 4217 eciderit
897 4165 1001 4227 idem,
1040 4178 1084 4219 ut.
1130 4160 1186 4216 Sed
1202 4182 1267 4215 eum

255 4223 357 4284 locum
384 4247 452 4284 cum
474 4250 571 4306 neque
598 4234 730 4290 Goereuz
755 4254 851 4313 neque
878 4238 985 4319 §clinez
1013 4239 1083 4292 setis
1114 4236 1267 4293 eanrmede
